trial_id,loss,mcc,acc,macroF1,time_this_iter_s,done,timesteps_total,episodes_total,training_iteration,experiment_id,date,timestamp,time_total_s,pid,hostname,node_ip,time_since_restore,timesteps_since_restore,iterations_since_restore,experiment_tag,config.structure,config.learning_rate,config.batch_size,config.bidirectional,config.num_layers,config.hidden_dim,config.monitor,config.shared_output_size,config.opt_step_size,config.weight_decay,config.dropout_input_layers,config.dropout_inner_layers,config.sleep_metrics
dd705_00000,1.1014504432678223,0.0,0.2939453125,0.13523004949092865,7.197460651397705,True,,,100,211a0d97fde344499e244a521a696dec,2021-10-14_17-46-40,1634222800,710.3139181137085,198471,crimv3srv041,10.141.0.35,710.3139181137085,0,100,"0_batch_size=64,bidirectional=True,dropout_inner_layers=0.2481,dropout_input_layers=0.41851,hidden_dim=32,learning_rate=1.1269e-06,monitor=loss,num_layers=1,opt_step_size=2,shared_output_size=128,weight_decay=4.5256e-05",lstm,1.1268620922535336e-06,64,True,1,32,loss,128,2,4.5255985530599084e-05,0.41850818051045247,0.24810116841355911,"['sleepEfficiency', 'awakening', 'totalSleepTime', 'combined']"
dd705_00001,1.1769826412200928,0.0,0.2939453125,0.13523004949092865,5.6413350105285645,True,,,6,2f5b5df39704407c91c4ffcc95311ac9,2021-10-14_17-47-27,1634222847,41.145644664764404,282079,crimv3srv041,10.141.0.35,41.145644664764404,0,6,"1_batch_size=128,bidirectional=False,dropout_inner_layers=0.95096,dropout_input_layers=0.87856,hidden_dim=128,learning_rate=2.6321e-06,monitor=mcc,num_layers=1,opt_step_size=2,shared_output_size=93,weight_decay=3.1647e-05",lstm,2.6320749736273015e-06,128,False,1,128,mcc,93,2,3.1646744413349114e-05,0.878559085532659,0.9509640316267165,"['sleepEfficiency', 'awakening', 'totalSleepTime', 'combined']"
dd705_00002,1.103002667427063,0.0,0.2447916716337204,0.11785199493169785,9.06287956237793,True,,,6,5c5f52abe5824246a2360a186412deda,2021-10-14_17-48-37,1634222917,67.38488745689392,287489,crimv3srv041,10.141.0.35,67.38488745689392,0,6,"2_batch_size=32,bidirectional=True,dropout_inner_layers=0.54784,dropout_input_layers=0.6669,hidden_dim=256,learning_rate=1.5622e-06,monitor=mcc,num_layers=2,opt_step_size=11,shared_output_size=186,weight_decay=0.0049433",lstm,1.5622188693842582e-06,32,True,2,256,mcc,186,11,0.004943349933141232,0.6668989729196366,0.5478377830464816,"['sleepEfficiency', 'awakening', 'totalSleepTime', 'combined']"
dd705_00003,0.8504810929298401,0.30976763367652893,0.658203125,0.4970785081386566,10.36610722541809,True,,,12,61a7b6e354e348f095c268cd77b82295,2021-10-14_17-50-54,1634223054,131.98279976844788,292927,crimv3srv041,10.141.0.35,131.98279976844788,0,12,"3_batch_size=32,bidirectional=True,dropout_inner_layers=0.46567,dropout_input_layers=0.82487,hidden_dim=128,learning_rate=0.0032519,monitor=mcc,num_layers=1,opt_step_size=12,shared_output_size=229,weight_decay=0.0012115",lstm,0.0032518995380974173,32,True,1,128,mcc,229,12,0.0012114793986107313,0.8248704645005481,0.46566847536726585,"['sleepEfficiency', 'awakening', 'totalSleepTime', 'combined']"
dd705_00004,0.8353340029716492,0.0,0.6223958134651184,0.2531925439834595,5.756498098373413,True,,,7,683aa5c741a04b639c3e91259eac4e9f,2021-10-14_17-51-45,1634223105,46.47243142127991,303634,crimv3srv041,10.141.0.35,46.47243142127991,0,7,"4_batch_size=128,bidirectional=False,dropout_inner_layers=0.52108,dropout_input_layers=0.16964,hidden_dim=64,learning_rate=0.050422,monitor=loss,num_layers=1,opt_step_size=9,shared_output_size=193,weight_decay=0.0089141",lstm,0.050422229829618456,128,False,1,64,loss,193,9,0.008914104985655112,0.1696362575837671,0.5210847114597973,"['sleepEfficiency', 'awakening', 'totalSleepTime', 'combined']"
dd705_00005,0.8429737091064453,0.0,0.6223958134651184,0.2531925439834595,6.84943413734436,True,,,7,e522408a16b643059ebfb0c2d347b9d0,2021-10-14_17-52-44,1634223164,55.99637484550476,309814,crimv3srv041,10.141.0.35,55.99637484550476,0,7,"5_batch_size=64,bidirectional=False,dropout_inner_layers=0.24312,dropout_input_layers=0.18554,hidden_dim=256,learning_rate=0.053406,monitor=loss,num_layers=2,opt_step_size=19,shared_output_size=184,weight_decay=0.0081759",lstm,0.053405635200435675,64,False,2,256,loss,184,19,0.008175946411773794,0.18554168693446071,0.2431156753134085,"['sleepEfficiency', 'awakening', 'totalSleepTime', 'combined']"
dd705_00006,0.8036978244781494,0.05575862526893616,0.6344401240348816,0.28510695695877075,7.245188236236572,True,,,7,218498dc91b84a15b5c500324180427a,2021-10-14_17-53-44,1634223224,55.251880407333374,316058,crimv3srv041,10.141.0.35,55.251880407333374,0,7,"6_batch_size=64,bidirectional=True,dropout_inner_layers=0.46353,dropout_input_layers=0.3469,hidden_dim=64,learning_rate=0.023281,monitor=loss,num_layers=1,opt_step_size=17,shared_output_size=186,weight_decay=0.0018829",lstm,0.023281138555331107,64,True,1,64,loss,186,17,0.001882929069794358,0.3469019537755197,0.46353471398405754,"['sleepEfficiency', 'awakening', 'totalSleepTime', 'combined']"
dd705_00007,0.8542487621307373,0.0,0.6223958134651184,0.2531925439834595,5.517094135284424,True,,,13,02a7456f75ab433886f3649831bd671c,2021-10-14_17-55-06,1634223306,78.12862730026245,322327,crimv3srv041,10.141.0.35,78.12862730026245,0,13,"7_batch_size=256,bidirectional=False,dropout_inner_layers=0.97872,dropout_input_layers=0.89892,hidden_dim=256,learning_rate=0.001129,monitor=loss,num_layers=1,opt_step_size=9,shared_output_size=134,weight_decay=2.6331e-05",lstm,0.0011289863841006823,256,False,1,256,loss,134,9,2.6331432971339587e-05,0.8989229937673232,0.978719518984546,"['sleepEfficiency', 'awakening', 'totalSleepTime', 'combined']"
dd705_00008,0.8455149531364441,0.0,0.6223958134651184,0.2531925439834595,9.784888505935669,True,,,6,60d4963e181d4296a103f8d9ab01e653,2021-10-14_17-56-20,1634223380,69.29664421081543,333481,crimv3srv041,10.141.0.35,69.29664421081543,0,6,"8_batch_size=32,bidirectional=True,dropout_inner_layers=0.64712,dropout_input_layers=0.039455,hidden_dim=1024,learning_rate=0.044534,monitor=mcc,num_layers=2,opt_step_size=19,shared_output_size=201,weight_decay=0.0059649",lstm,0.04453377053069205,32,True,2,1024,mcc,201,19,0.0059648596830554935,0.03945481767426706,0.6471167135451114,"['sleepEfficiency', 'awakening', 'totalSleepTime', 'combined']"
dd705_00009,0.8708719611167908,0.37306782603263855,0.6904296875,0.5263091325759888,8.370486736297607,True,,,8,e4545623a7e346f8bf000382eea2af76,2021-10-14_17-57-52,1634223472,87.27419543266296,338926,crimv3srv041,10.141.0.35,87.27419543266296,0,8,"9_batch_size=32,bidirectional=False,dropout_inner_layers=0.23961,dropout_input_layers=0.67371,hidden_dim=512,learning_rate=0.0015498,monitor=loss,num_layers=2,opt_step_size=15,shared_output_size=100,weight_decay=0.00016227",lstm,0.0015497795417655797,32,False,2,512,loss,100,15,0.0001622747930594793,0.6737143186444894,0.2396081670712522,"['sleepEfficiency', 'awakening', 'totalSleepTime', 'combined']"
dd705_00010,0.8563001751899719,0.0,0.6223958134651184,0.2531925439834595,10.788119077682495,True,,,99,b31c95084a6445a2a1fa397850e08f5a,2021-10-14_18-15-38,1634224538,1060.8149502277374,346044,crimv3srv041,10.141.0.35,1060.8149502277374,0,99,"10_batch_size=32,bidirectional=False,dropout_inner_layers=0.87012,dropout_input_layers=0.63557,hidden_dim=1024,learning_rate=7.7144e-06,monitor=loss,num_layers=1,opt_step_size=3,shared_output_size=226,weight_decay=1.6228e-05",lstm,7.714392944253698e-06,32,False,1,1024,loss,226,3,1.6227688920677303e-05,0.635572831962246,0.8701190031896262,"['sleepEfficiency', 'awakening', 'totalSleepTime', 'combined']"
dd705_00011,0.7279607057571411,0.26493674516677856,0.6569010615348816,0.43883636593818665,5.679330587387085,True,,,53,e99c8c1ec68b46399f86b5b96786b158,2021-10-14_18-20-54,1634224854,311.5116844177246,429578,crimv3srv041,10.141.0.35,311.5116844177246,0,53,"11_batch_size=256,bidirectional=True,dropout_inner_layers=0.37512,dropout_input_layers=0.022867,hidden_dim=128,learning_rate=5.9052e-05,monitor=loss,num_layers=1,opt_step_size=1,shared_output_size=201,weight_decay=0.0053509",lstm,5.9051664422223445e-05,256,True,1,128,loss,201,1,0.0053509220915861485,0.022866949969676864,0.3751227624957739,"['sleepEfficiency', 'awakening', 'totalSleepTime', 'combined']"
dd705_00012,0.7659115791320801,0.05331665277481079,0.6263020634651184,0.304657518863678,5.909946918487549,True,,,100,45cd88b0b9ab44cd978467b5e60be076,2021-10-14_18-31-00,1634225460,601.2454237937927,15116,crimv3srv041,10.141.0.35,601.2454237937927,0,100,"12_batch_size=128,bidirectional=True,dropout_inner_layers=0.41435,dropout_input_layers=0.49814,hidden_dim=32,learning_rate=9.9579e-06,monitor=loss,num_layers=2,opt_step_size=2,shared_output_size=120,weight_decay=0.00021495",lstm,9.957874378938733e-06,128,True,2,32,loss,120,2,0.0002149497206948265,0.49813961036179266,0.41434632479962163,"['sleepEfficiency', 'awakening', 'totalSleepTime', 'combined']"
dd705_00013,1.1718038320541382,0.0,0.1650390625,0.09351296722888947,5.723222494125366,True,,,6,f77f053e17f1425793dece76488e88d8,2021-10-14_18-31-44,1634225504,39.491413831710815,98630,crimv3srv041,10.141.0.35,39.491413831710815,0,6,"13_batch_size=128,bidirectional=False,dropout_inner_layers=0.83635,dropout_input_layers=0.51951,hidden_dim=512,learning_rate=1.1784e-05,monitor=mcc,num_layers=1,opt_step_size=17,shared_output_size=87,weight_decay=0.00035797",lstm,1.1783649454303449e-05,128,False,1,512,mcc,87,17,0.0003579654474243257,0.5195139615528149,0.8363517261619613,"['sleepEfficiency', 'awakening', 'totalSleepTime', 'combined']"
dd705_00014,1.027212381362915,0.0,0.4791666567325592,0.2051888257265091,6.064457893371582,True,,,100,c3877c6792f24de284d8045b85c37722,2021-10-14_18-41-34,1634226094,586.5619270801544,103974,crimv3srv041,10.141.0.35,586.5619270801544,0,100,"14_batch_size=256,bidirectional=True,dropout_inner_layers=0.14679,dropout_input_layers=0.13493,hidden_dim=32,learning_rate=1.0983e-06,monitor=loss,num_layers=2,opt_step_size=13,shared_output_size=104,weight_decay=0.00052963",lstm,1.098310725843565e-06,256,True,2,32,loss,104,13,0.0005296331369759431,0.1349277444379824,0.14678823181091394,"['sleepEfficiency', 'awakening', 'totalSleepTime', 'combined']"
dd705_00015,1.0920202732086182,0.0,0.3486328125,0.16276785731315613,5.922907829284668,True,,,6,02329e8175b84bdbb4477e999a41de99,2021-10-14_18-42-22,1634226142,41.73492193222046,187646,crimv3srv041,10.141.0.35,41.73492193222046,0,6,"15_batch_size=128,bidirectional=True,dropout_inner_layers=0.78792,dropout_input_layers=0.56825,hidden_dim=64,learning_rate=1.8699e-06,monitor=mcc,num_layers=1,opt_step_size=4,shared_output_size=245,weight_decay=0.0014112",lstm,1.8698952046608086e-06,128,True,1,64,mcc,245,4,0.0014112337678149004,0.5682485862311178,0.7879243948259242,"['sleepEfficiency', 'awakening', 'totalSleepTime', 'combined']"
dd705_00016,0.8431680798530579,0.0,0.6223958134651184,0.2531925439834595,5.478590488433838,True,,,6,1b99a252668e4b1995d8064d939d449b,2021-10-14_18-43-06,1634226186,41.221999168395996,193042,crimv3srv041,10.141.0.35,41.221999168395996,0,6,"16_batch_size=256,bidirectional=True,dropout_inner_layers=0.14924,dropout_input_layers=0.69998,hidden_dim=32,learning_rate=0.091112,monitor=mcc,num_layers=1,opt_step_size=8,shared_output_size=211,weight_decay=6.9874e-05",lstm,0.09111245566046482,256,True,1,32,mcc,211,8,6.987355529418901e-05,0.6999808958962674,0.14923920953342074,"['sleepEfficiency', 'awakening', 'totalSleepTime', 'combined']"
dd705_00017,0.7943734526634216,0.10247530788183212,0.6370442509651184,0.3104993402957916,7.628480672836304,True,,,7,5739a5c712014cdf907445369e7d5843,2021-10-14_18-44-09,1634226249,57.49765682220459,198418,crimv3srv041,10.141.0.35,57.49765682220459,0,7,"17_batch_size=64,bidirectional=True,dropout_inner_layers=0.59236,dropout_input_layers=0.35446,hidden_dim=128,learning_rate=0.011545,monitor=loss,num_layers=2,opt_step_size=17,shared_output_size=228,weight_decay=0.0032322",lstm,0.011545483416634089,64,True,2,128,loss,228,17,0.0032321614038338725,0.3544573619314896,0.592360807642609,"['sleepEfficiency', 'awakening', 'totalSleepTime', 'combined']"
dd705_00018,1.2091095447540283,0.0,0.123046875,0.0703350380063057,5.6823813915252686,True,,,100,b71f8af2e96345e7856bba10a5745f3e,2021-10-14_18-54-06,1634226846,592.8490340709686,204670,crimv3srv041,10.141.0.35,592.8490340709686,0,100,"18_batch_size=256,bidirectional=True,dropout_inner_layers=0.13354,dropout_input_layers=0.51746,hidden_dim=512,learning_rate=1.0875e-06,monitor=loss,num_layers=1,opt_step_size=11,shared_output_size=20,weight_decay=0.0056439",lstm,1.0874987508639042e-06,256,True,1,512,loss,20,11,0.005643884512778675,0.5174602417688304,0.13353967592343363,"['sleepEfficiency', 'awakening', 'totalSleepTime', 'combined']"
dd705_00019,1.1756367683410645,0.0,0.1650390625,0.09351296722888947,7.195355176925659,True,,,6,c5c18cb36a27421f8a8363a99662c155,2021-10-14_18-55-00,1634226900,49.14709234237671,287664,crimv3srv041,10.141.0.35,49.14709234237671,0,6,"19_batch_size=64,bidirectional=True,dropout_inner_layers=0.57583,dropout_input_layers=0.26102,hidden_dim=1024,learning_rate=3.6536e-06,monitor=mcc,num_layers=2,opt_step_size=18,shared_output_size=87,weight_decay=0.00043473",lstm,3.653554332799661e-06,64,True,2,1024,mcc,87,18,0.0004347346030564226,0.26101658314752796,0.5758255178198639,"['sleepEfficiency', 'awakening', 'totalSleepTime', 'combined']"
dd705_00020,0.8240628838539124,0.0,0.6223958134651184,0.2531925439834595,10.118654251098633,True,,,6,18942570da094a4197a35c46ba5ee800,2021-10-14_18-56-12,1634226972,69.21071553230286,293242,crimv3srv041,10.141.0.35,69.21071553230286,0,6,"20_batch_size=32,bidirectional=False,dropout_inner_layers=0.52031,dropout_input_layers=0.96516,hidden_dim=256,learning_rate=3.7091e-05,monitor=mcc,num_layers=2,opt_step_size=10,shared_output_size=44,weight_decay=0.00030149",lstm,3.709052954955428e-05,32,False,2,256,mcc,44,10,0.000301489474786139,0.9651581834600466,0.5203119444971533,"['sleepEfficiency', 'awakening', 'totalSleepTime', 'combined']"
dd705_00021,0.8429814577102661,0.0,0.6223958134651184,0.2531925439834595,10.837479829788208,True,,,6,04e4a8285a2a40019740b4e1f39940fb,2021-10-14_18-57-28,1634227048,71.23736596107483,299304,crimv3srv041,10.141.0.35,71.23736596107483,0,6,"21_batch_size=32,bidirectional=False,dropout_inner_layers=0.84494,dropout_input_layers=0.57041,hidden_dim=512,learning_rate=0.032742,monitor=mcc,num_layers=1,opt_step_size=3,shared_output_size=31,weight_decay=1.103e-05",lstm,0.032742209084671056,32,False,1,512,mcc,31,3,1.1030290838686267e-05,0.5704137147446832,0.8449433823912905,"['sleepEfficiency', 'awakening', 'totalSleepTime', 'combined']"
dd705_00022,1.167413353919983,0.0,0.2125651091337204,0.10896427184343338,7.467298269271851,True,,,6,2bd3c5dba56d4481bfaa14dd5b284cce,2021-10-14_18-58-23,1634227103,50.397451877593994,304889,crimv3srv041,10.141.0.35,50.397451877593994,0,6,"22_batch_size=64,bidirectional=True,dropout_inner_layers=0.73257,dropout_input_layers=0.81197,hidden_dim=256,learning_rate=2.408e-06,monitor=mcc,num_layers=2,opt_step_size=3,shared_output_size=223,weight_decay=0.0018687",lstm,2.4080024047740317e-06,64,True,2,256,mcc,223,3,0.0018687398807117584,0.8119711282584908,0.7325650957767226,"['sleepEfficiency', 'awakening', 'totalSleepTime', 'combined']"
dd705_00023,1.180668830871582,0.0,0.2705078125,0.12727585434913635,9.441521644592285,True,,,6,4f2cade7a56c4cb784df0d5bdad2e022,2021-10-14_18-59-32,1634227172,66.47733163833618,310317,crimv3srv041,10.141.0.35,66.47733163833618,0,6,"23_batch_size=32,bidirectional=False,dropout_inner_layers=0.30838,dropout_input_layers=0.96772,hidden_dim=1024,learning_rate=1.4764e-06,monitor=mcc,num_layers=1,opt_step_size=16,shared_output_size=253,weight_decay=0.00047924",lstm,1.476449949804332e-06,32,False,1,1024,mcc,253,16,0.0004792442014624336,0.9677189597257391,0.3083843510756832,"['sleepEfficiency', 'awakening', 'totalSleepTime', 'combined']"
dd705_00024,0.7238273024559021,0.29377245903015137,0.6529948115348816,0.4591214060783386,10.563651323318481,True,,,30,b1e8b6158e7b472cbaa7529f4fc1218d,2021-10-14_19-04-58,1634227498,321.31147861480713,315778,crimv3srv041,10.141.0.35,321.31147861480713,0,30,"24_batch_size=32,bidirectional=False,dropout_inner_layers=0.28323,dropout_input_layers=0.070743,hidden_dim=128,learning_rate=4.9482e-05,monitor=loss,num_layers=2,opt_step_size=14,shared_output_size=12,weight_decay=7.9509e-05",lstm,4.948229459854826e-05,32,False,2,128,loss,12,14,7.950850051106464e-05,0.07074288067705248,0.2832254594724831,"['sleepEfficiency', 'awakening', 'totalSleepTime', 'combined']"
dd705_00025,0.8453829884529114,0.0,0.6223958134651184,0.2531925439834595,11.087614297866821,True,,,6,654b0f85c83e43e1b08b25adc4bb1ce7,2021-10-14_19-06-14,1634227574,71.27478289604187,342821,crimv3srv041,10.141.0.35,71.27478289604187,0,6,"25_batch_size=32,bidirectional=True,dropout_inner_layers=0.97505,dropout_input_layers=0.032768,hidden_dim=128,learning_rate=0.064056,monitor=mcc,num_layers=1,opt_step_size=10,shared_output_size=84,weight_decay=6.3529e-05",lstm,0.0640559189912638,32,True,1,128,mcc,84,10,6.352907611684638e-05,0.03276815137849143,0.975046375727054,"['sleepEfficiency', 'awakening', 'totalSleepTime', 'combined']"
dd705_00026,0.9218276739120483,0.2856747508049011,0.6536458134651184,0.4642549753189087,7.381403207778931,True,,,9,35ce40b3943d4d0d82af46aa16ac5252,2021-10-14_19-07-29,1634227649,70.45814847946167,348330,crimv3srv041,10.141.0.35,70.45814847946167,0,9,"26_batch_size=64,bidirectional=True,dropout_inner_layers=0.43707,dropout_input_layers=0.4072,hidden_dim=1024,learning_rate=0.0027011,monitor=loss,num_layers=2,opt_step_size=11,shared_output_size=78,weight_decay=2.7787e-05",lstm,0.0027010732255990147,64,True,2,1024,loss,78,11,2.7787494250405655e-05,0.4071988178686643,0.4370724997358888,"['sleepEfficiency', 'awakening', 'totalSleepTime', 'combined']"
dd705_00027,0.853656530380249,-0.007266651839017868,0.6220703125,0.25308912992477417,5.988852024078369,True,,,11,a95285f73cd446fe939a68d3efe7cf93,2021-10-14_19-08-46,1634227726,71.18317008018494,356245,crimv3srv041,10.141.0.35,71.18317008018494,0,11,"27_batch_size=128,bidirectional=False,dropout_inner_layers=0.7433,dropout_input_layers=0.78651,hidden_dim=256,learning_rate=4.8753e-05,monitor=mcc,num_layers=1,opt_step_size=16,shared_output_size=148,weight_decay=0.00023508",lstm,4.8752560907928784e-05,128,False,1,256,mcc,148,16,0.0002350760502093763,0.7865120057911458,0.7432954956892825,"['sleepEfficiency', 'awakening', 'totalSleepTime', 'combined']"
dd705_00028,1.0140748023986816,0.3075520992279053,0.6647135615348816,0.5049092173576355,5.371038198471069,True,,,13,eb280863e2fd4010b12e2b82b79f5fc2,2021-10-14_19-10-11,1634227811,80.48066186904907,365790,crimv3srv041,10.141.0.35,80.48066186904907,0,13,"28_batch_size=256,bidirectional=True,dropout_inner_layers=0.0026437,dropout_input_layers=0.48637,hidden_dim=512,learning_rate=0.00092463,monitor=mcc,num_layers=2,opt_step_size=17,shared_output_size=150,weight_decay=0.0024114",lstm,0.0009246281407651865,256,True,2,512,mcc,150,17,0.002411380119528833,0.48637211754702614,0.0026436929675517362,"['sleepEfficiency', 'awakening', 'totalSleepTime', 'combined']"
dd705_00029,0.7545390129089355,0.15856099128723145,0.6357421875,0.33210355043411255,5.5736377239227295,True,,,30,855453efb0a94eed8f7d21de59aa8b49,2021-10-14_19-13-17,1634227997,181.6276593208313,377442,crimv3srv041,10.141.0.35,181.6276593208313,0,30,"29_batch_size=256,bidirectional=False,dropout_inner_layers=0.55313,dropout_input_layers=0.91866,hidden_dim=1024,learning_rate=0.00015421,monitor=loss,num_layers=1,opt_step_size=15,shared_output_size=75,weight_decay=0.00035396",lstm,0.0001542114286630097,256,False,1,1024,loss,75,15,0.00035395842833883497,0.9186601329837563,0.5531270868965023,"['sleepEfficiency', 'awakening', 'totalSleepTime', 'combined']"
dd705_00030,0.8026865124702454,-0.0038581325206905603,0.62109375,0.2556096613407135,5.623919725418091,True,,,10,fb50596a99fc45bb879466e9e2075efe,2021-10-14_19-14-26,1634228066,63.8716254234314,402865,crimv3srv041,10.141.0.35,63.8716254234314,0,10,"30_batch_size=128,bidirectional=True,dropout_inner_layers=0.21279,dropout_input_layers=0.20371,hidden_dim=1024,learning_rate=5.9773e-05,monitor=mcc,num_layers=2,opt_step_size=17,shared_output_size=77,weight_decay=0.00040989",lstm,5.9773249241288665e-05,128,True,2,1024,mcc,77,17,0.0004098898474810914,0.20370705228091657,0.2127865951978376,"['sleepEfficiency', 'awakening', 'totalSleepTime', 'combined']"
dd705_00031,0.7832514643669128,0.2420886754989624,0.6380208134651184,0.39279380440711975,11.191692590713501,True,,,14,a13eb02a31d248b3afed35488e801211,2021-10-14_19-17-09,1634228229,157.76017785072327,411900,crimv3srv041,10.141.0.35,157.76017785072327,0,14,"31_batch_size=32,bidirectional=True,dropout_inner_layers=0.73113,dropout_input_layers=0.95494,hidden_dim=256,learning_rate=0.00036068,monitor=mcc,num_layers=1,opt_step_size=4,shared_output_size=153,weight_decay=0.0016074",lstm,0.00036067560414876874,32,True,1,256,mcc,153,4,0.0016074158228006428,0.9549364423841713,0.7311298355135133,"['sleepEfficiency', 'awakening', 'totalSleepTime', 'combined']"
dd705_00032,1.1308808326721191,0.0,0.2848307192325592,0.13356249034404755,7.382615804672241,True,,,6,18226da4f23a42b1989a096a293576d7,2021-10-14_19-18-01,1634228281,48.716899156570435,425407,crimv3srv041,10.141.0.35,48.716899156570435,0,6,"32_batch_size=64,bidirectional=True,dropout_inner_layers=0.57875,dropout_input_layers=0.88343,hidden_dim=32,learning_rate=1.2733e-06,monitor=mcc,num_layers=1,opt_step_size=13,shared_output_size=247,weight_decay=0.00056614",lstm,1.2732888657654754e-06,64,True,1,32,mcc,247,13,0.0005661387833680181,0.8834332260849691,0.5787496113205873,"['sleepEfficiency', 'awakening', 'totalSleepTime', 'combined']"
dd705_00033,1.0206263065338135,0.0,0.564453125,0.2348809689283371,5.908684015274048,True,,,6,6fb943edffbf476ab4528e51c259c730,2021-10-14_19-18-48,1634228328,43.66548466682434,430962,crimv3srv041,10.141.0.35,43.66548466682434,0,6,"33_batch_size=256,bidirectional=True,dropout_inner_layers=0.20104,dropout_input_layers=0.74341,hidden_dim=32,learning_rate=7.7598e-06,monitor=mcc,num_layers=2,opt_step_size=6,shared_output_size=230,weight_decay=1.4509e-05",lstm,7.75983168829624e-06,256,True,2,32,mcc,230,6,1.4508858026655376e-05,0.7434131328771562,0.20103766147872104,"['sleepEfficiency', 'awakening', 'totalSleepTime', 'combined']"
dd705_00034,0.8991674780845642,0.19845344126224518,0.6220703125,0.38358157873153687,6.003455400466919,True,,,13,e5c018c3d3ee426c91556bcb61d2e4c7,2021-10-14_19-20-14,1634228414,82.24599695205688,436620,crimv3srv041,10.141.0.35,82.24599695205688,0,13,"34_batch_size=128,bidirectional=False,dropout_inner_layers=0.01887,dropout_input_layers=0.44354,hidden_dim=1024,learning_rate=0.033372,monitor=mcc,num_layers=2,opt_step_size=7,shared_output_size=142,weight_decay=0.0067009",lstm,0.03337157563951399,128,False,2,1024,mcc,142,7,0.006700939287566688,0.4435438275910586,0.018870397784030102,"['sleepEfficiency', 'awakening', 'totalSleepTime', 'combined']"
dd705_00035,0.7350167036056519,0.26051419973373413,0.654296875,0.43329840898513794,5.969779014587402,True,,,61,856abb71c143400fab620b9da2f240cf,2021-10-14_19-26-44,1634228804,385.22227478027344,448206,crimv3srv041,10.141.0.35,385.22227478027344,0,61,"35_batch_size=128,bidirectional=True,dropout_inner_layers=0.34427,dropout_input_layers=0.96392,hidden_dim=64,learning_rate=5.0036e-05,monitor=loss,num_layers=2,opt_step_size=18,shared_output_size=193,weight_decay=0.00070462",lstm,5.003594492432032e-05,128,True,2,64,loss,193,18,0.0007046235554666704,0.9639177303374826,0.34427421327378716,"['sleepEfficiency', 'awakening', 'totalSleepTime', 'combined']"
dd705_00036,0.8928807377815247,0.3263584077358246,0.67578125,0.5100560784339905,6.3118577003479,True,,,9,d51e898f7cb1411e97d4e9cbae011b40,2021-10-14_19-27-50,1634228870,61.14132571220398,42602,crimv3srv041,10.141.0.35,61.14132571220398,0,9,"36_batch_size=128,bidirectional=True,dropout_inner_layers=0.18481,dropout_input_layers=0.032425,hidden_dim=128,learning_rate=0.002701,monitor=loss,num_layers=1,opt_step_size=12,shared_output_size=9,weight_decay=0.0053836",lstm,0.0027010174900120093,128,True,1,128,loss,9,12,0.005383592502304945,0.03242495886252683,0.18481437483051522,"['sleepEfficiency', 'awakening', 'totalSleepTime', 'combined']"
dd705_00037,0.9893418550491333,0.2856539189815521,0.6484375,0.47065868973731995,5.776228904724121,True,,,15,0965f80c91914bb88bf8c4ab5fed0e27,2021-10-14_19-29-28,1634228968,93.47897362709045,50870,crimv3srv041,10.141.0.35,93.47897362709045,0,15,"37_batch_size=128,bidirectional=True,dropout_inner_layers=0.36904,dropout_input_layers=0.85796,hidden_dim=512,learning_rate=0.0064828,monitor=mcc,num_layers=2,opt_step_size=19,shared_output_size=145,weight_decay=6.87e-05",lstm,0.006482767137759784,128,True,2,512,mcc,145,19,6.870042426535609e-05,0.8579604137835884,0.3690399964680221,"['sleepEfficiency', 'awakening', 'totalSleepTime', 'combined']"
dd705_00038,0.8337321877479553,0.0,0.6223958134651184,0.2531925439834595,6.1030707359313965,True,,,6,20961579ab454a8fafe1927502de7d86,2021-10-14_19-30-12,1634229012,40.52293562889099,64168,crimv3srv041,10.141.0.35,40.52293562889099,0,6,"38_batch_size=128,bidirectional=False,dropout_inner_layers=0.81462,dropout_input_layers=0.10937,hidden_dim=1024,learning_rate=0.031258,monitor=mcc,num_layers=2,opt_step_size=7,shared_output_size=208,weight_decay=0.00013835",lstm,0.0312578697216472,128,False,2,1024,mcc,208,7,0.00013834722195296714,0.10937339268700785,0.8146246111896013,"['sleepEfficiency', 'awakening', 'totalSleepTime', 'combined']"
dd705_00039,0.8425493836402893,0.0,0.6223958134651184,0.2531925439834595,6.131935358047485,True,,,8,38adf9ed9fc848d19c927ffba60a0a22,2021-10-14_19-31-07,1634229067,52.58277893066406,70125,crimv3srv041,10.141.0.35,52.58277893066406,0,8,"39_batch_size=128,bidirectional=False,dropout_inner_layers=0.079101,dropout_input_layers=0.6747,hidden_dim=1024,learning_rate=0.046497,monitor=loss,num_layers=1,opt_step_size=12,shared_output_size=224,weight_decay=8.5821e-05",lstm,0.04649724388629017,128,False,1,1024,loss,224,12,8.58214208797037e-05,0.6747040432734931,0.07910104217629743,"['sleepEfficiency', 'awakening', 'totalSleepTime', 'combined']"
dd705_00040,1.0588006973266602,0.0,0.4791666567325592,0.2051888257265091,6.519977331161499,True,,,100,c7d4221422f54977a34aabaeaf42f82b,2021-10-14_19-41-24,1634229684,612.0032603740692,77172,crimv3srv041,10.141.0.35,612.0032603740692,0,100,"40_batch_size=128,bidirectional=True,dropout_inner_layers=0.55293,dropout_input_layers=0.54897,hidden_dim=256,learning_rate=1.4575e-06,monitor=loss,num_layers=1,opt_step_size=9,shared_output_size=162,weight_decay=0.00014449",lstm,1.4575382862041275e-06,128,True,1,256,loss,162,9,0.00014448959805808787,0.548967345099569,0.5529311724432222,"['sleepEfficiency', 'awakening', 'totalSleepTime', 'combined']"
dd705_00041,0.9351049661636353,-0.013193654827773571,0.5983073115348816,0.24503232538700104,6.075044631958008,True,,,8,a39a9d117c504acbbdf6544b89dc0ca5,2021-10-14_19-42-23,1634229743,53.91055774688721,162183,crimv3srv041,10.141.0.35,53.91055774688721,0,8,"41_batch_size=128,bidirectional=True,dropout_inner_layers=0.77753,dropout_input_layers=0.20264,hidden_dim=256,learning_rate=4.4734e-05,monitor=mcc,num_layers=2,opt_step_size=8,shared_output_size=115,weight_decay=5.696e-05",lstm,4.47338079123092e-05,128,True,2,256,mcc,115,8,5.696007823332449e-05,0.20263513230551344,0.7775255130659098,"['sleepEfficiency', 'awakening', 'totalSleepTime', 'combined']"
dd705_00042,1.0943424701690674,0.0,0.3430989682674408,0.15062087774276733,10.871438264846802,True,,,6,59677961a8d14d2f93243f8bbd0b7f73,2021-10-14_19-43-35,1634229815,69.45681571960449,169214,crimv3srv041,10.141.0.35,69.45681571960449,0,6,"42_batch_size=32,bidirectional=False,dropout_inner_layers=0.83128,dropout_input_layers=0.099295,hidden_dim=32,learning_rate=4.9884e-06,monitor=mcc,num_layers=2,opt_step_size=17,shared_output_size=21,weight_decay=5.6307e-05",lstm,4.98843419790714e-06,32,False,2,32,mcc,21,17,5.6306695592147276e-05,0.09929470601297852,0.8312765591947365,"['sleepEfficiency', 'awakening', 'totalSleepTime', 'combined']"
dd705_00043,0.793620765209198,-0.010361980646848679,0.6207682490348816,0.25334325432777405,5.866153240203857,True,,,9,fca938cb15ba464d9a7e4150fb82810c,2021-10-14_19-44-42,1634229882,60.510050535202026,175372,crimv3srv041,10.141.0.35,60.510050535202026,0,9,"43_batch_size=256,bidirectional=True,dropout_inner_layers=0.0049514,dropout_input_layers=0.92389,hidden_dim=512,learning_rate=0.00013934,monitor=mcc,num_layers=1,opt_step_size=10,shared_output_size=63,weight_decay=0.0021446",lstm,0.00013934478157042967,256,True,1,512,mcc,63,10,0.0021445610665088138,0.923885704610504,0.004951409791498884,"['sleepEfficiency', 'awakening', 'totalSleepTime', 'combined']"
dd705_00044,0.8034950494766235,0.001996696228161454,0.6223958134651184,0.2544086277484894,10.425087928771973,True,,,10,dd2a72e4c00f4b71bf02c12d85f6c9af,2021-10-14_19-46-33,1634229993,106.23665809631348,183574,crimv3srv041,10.141.0.35,106.23665809631348,0,10,"44_batch_size=32,bidirectional=True,dropout_inner_layers=0.26508,dropout_input_layers=0.6704,hidden_dim=1024,learning_rate=2.3063e-05,monitor=mcc,num_layers=1,opt_step_size=7,shared_output_size=37,weight_decay=0.002127",lstm,2.3063173635854775e-05,32,True,1,1024,mcc,37,7,0.0021269840622197755,0.6703957769937778,0.26507878787325767,"['sleepEfficiency', 'awakening', 'totalSleepTime', 'combined']"
dd705_00045,1.1327977180480957,0.0,0.205078125,0.10998782515525818,5.795263051986694,True,,,6,1c2e55895df24b69a3502b28a97a3521,2021-10-14_19-47-21,1634230041,43.01233959197998,192718,crimv3srv041,10.141.0.35,43.01233959197998,0,6,"45_batch_size=256,bidirectional=True,dropout_inner_layers=0.64606,dropout_input_layers=0.40905,hidden_dim=256,learning_rate=5.0508e-05,monitor=mcc,num_layers=2,opt_step_size=6,shared_output_size=37,weight_decay=1.459e-05",lstm,5.0508350255336885e-05,256,True,2,256,mcc,37,6,1.4590363304061071e-05,0.4090455988146885,0.6460608775271973,"['sleepEfficiency', 'awakening', 'totalSleepTime', 'combined']"
dd705_00046,0.844205915927887,0.0,0.6223958134651184,0.2531925439834595,7.137673854827881,True,,,6,574ff61da09241948d96b3e3042b771a,2021-10-14_19-48-14,1634230094,50.726231813430786,198097,crimv3srv041,10.141.0.35,50.726231813430786,0,6,"46_batch_size=64,bidirectional=False,dropout_inner_layers=0.5717,dropout_input_layers=0.17077,hidden_dim=512,learning_rate=0.067761,monitor=mcc,num_layers=1,opt_step_size=13,shared_output_size=11,weight_decay=0.0028656",lstm,0.06776143487596231,64,False,1,512,mcc,11,13,0.0028656072565524274,0.1707747156744942,0.5717028164940282,"['sleepEfficiency', 'awakening', 'totalSleepTime', 'combined']"
dd705_00047,0.765204668045044,0.04657520353794098,0.6194661259651184,0.2974473834037781,10.447051048278809,True,,,100,5ea9febc1f4c479f8b1199738e0ce7c4,2021-10-14_20-06-37,1634231197,1097.8881471157074,203523,crimv3srv041,10.141.0.35,1097.8881471157074,0,100,"47_batch_size=32,bidirectional=True,dropout_inner_layers=0.67627,dropout_input_layers=0.6963,hidden_dim=1024,learning_rate=7.6866e-06,monitor=loss,num_layers=2,opt_step_size=18,shared_output_size=102,weight_decay=2.3368e-05",lstm,7.686586073844719e-06,32,True,2,1024,loss,102,18,2.3367683732400875e-05,0.6963047534987692,0.6762696430310008,"['sleepEfficiency', 'awakening', 'totalSleepTime', 'combined']"
dd705_00048,1.0721657276153564,0.0,0.4791666567325592,0.2051888257265091,5.712177515029907,True,,,6,93c870b7b7314d7dbeecad64d035ddee,2021-10-14_20-07-25,1634231245,43.19441556930542,291356,crimv3srv041,10.141.0.35,43.19441556930542,0,6,"48_batch_size=256,bidirectional=True,dropout_inner_layers=0.98454,dropout_input_layers=0.12662,hidden_dim=32,learning_rate=6.0005e-05,monitor=mcc,num_layers=1,opt_step_size=13,shared_output_size=178,weight_decay=1.886e-05",lstm,6.000539779451434e-05,256,True,1,32,mcc,178,13,1.885995130595579e-05,0.12662269376908342,0.9845444429347212,"['sleepEfficiency', 'awakening', 'totalSleepTime', 'combined']"
dd705_00049,0.9237448573112488,0.27840742468833923,0.6533203125,0.4688853621482849,11.06441879272461,True,,,12,fac8a90584aa497e80fdd671ddd90f88,2021-10-14_20-09-43,1634231383,134.73097133636475,296726,crimv3srv041,10.141.0.35,134.73097133636475,0,12,"49_batch_size=32,bidirectional=True,dropout_inner_layers=0.55053,dropout_input_layers=0.67329,hidden_dim=512,learning_rate=0.0004366,monitor=mcc,num_layers=1,opt_step_size=14,shared_output_size=158,weight_decay=0.0014354",lstm,0.0004366010390488632,32,True,1,512,mcc,158,14,0.0014353616607871863,0.6732887760038997,0.550533794836576,"['sleepEfficiency', 'awakening', 'totalSleepTime', 'combined']"
dd705_00050,1.7772297859191895,0.34963855147361755,0.66796875,0.5181533098220825,5.727740287780762,True,,,22,860bfb7da7ef40e3a2d8dd4e543f36ad,2021-10-14_20-12-03,1634231523,135.96503019332886,307313,crimv3srv041,10.141.0.35,135.96503019332886,0,22,"50_batch_size=256,bidirectional=False,dropout_inner_layers=0.027411,dropout_input_layers=0.49396,hidden_dim=32,learning_rate=0.0025934,monitor=mcc,num_layers=2,opt_step_size=13,shared_output_size=242,weight_decay=0.00024749",lstm,0.0025933738712556175,256,False,2,32,mcc,242,13,0.0002474880358119888,0.49395891092779654,0.02741126823211082,"['sleepEfficiency', 'awakening', 'totalSleepTime', 'combined']"
dd705_00051,0.8065438270568848,0.006859391927719116,0.62109375,0.2599920928478241,6.111990451812744,True,,,100,481163434f7f412ba724a02ba5eb81d4,2021-10-14_20-22-18,1634232138,609.6601955890656,325831,crimv3srv041,10.141.0.35,609.6601955890656,0,100,"51_batch_size=256,bidirectional=False,dropout_inner_layers=0.36931,dropout_input_layers=0.97866,hidden_dim=512,learning_rate=1.2336e-05,monitor=loss,num_layers=1,opt_step_size=3,shared_output_size=123,weight_decay=0.00094609",lstm,1.233649227723364e-05,256,False,1,512,loss,123,3,0.0009460908935025298,0.9786624902443914,0.36931404186130623,"['sleepEfficiency', 'awakening', 'totalSleepTime', 'combined']"
dd705_00052,0.76783287525177,0.30228930711746216,0.6572265625,0.4462535083293915,5.760417222976685,True,,,10,da91d2b2f3b34c01bbdadd53c96a2036,2021-10-14_20-23-27,1634232207,65.2214937210083,411322,crimv3srv041,10.141.0.35,65.2214937210083,0,10,"52_batch_size=128,bidirectional=True,dropout_inner_layers=0.54712,dropout_input_layers=0.15377,hidden_dim=32,learning_rate=0.0064856,monitor=loss,num_layers=1,opt_step_size=4,shared_output_size=231,weight_decay=1.1887e-05",lstm,0.006485625954728437,128,True,1,32,loss,231,4,1.1886875156338782e-05,0.15376515852064476,0.5471169953961857,"['sleepEfficiency', 'awakening', 'totalSleepTime', 'combined']"
dd705_00053,0.7954990863800049,0.30720603466033936,0.6692708134651184,0.47556525468826294,10.288513898849487,True,,,9,6fee0c6c765a4a03ab0b38d564d9517e,2021-10-14_20-25-13,1634232313,101.53458023071289,420292,crimv3srv041,10.141.0.35,101.53458023071289,0,9,"53_batch_size=32,bidirectional=True,dropout_inner_layers=0.43089,dropout_input_layers=0.82548,hidden_dim=128,learning_rate=0.0051183,monitor=mcc,num_layers=1,opt_step_size=6,shared_output_size=195,weight_decay=1.244e-05",lstm,0.0051183389117928375,32,True,1,128,mcc,195,6,1.2440099360483514e-05,0.8254843456648079,0.43089333568816424,"['sleepEfficiency', 'awakening', 'totalSleepTime', 'combined']"
dd705_00054,0.85832279920578,0.0,0.6223958134651184,0.2531925439834595,7.175894260406494,True,,,53,ede486c2b6934dc3904bea27746be9d2,2021-10-14_20-31-53,1634232713,394.80860781669617,428348,crimv3srv041,10.141.0.35,394.80860781669617,0,53,"54_batch_size=64,bidirectional=True,dropout_inner_layers=0.96296,dropout_input_layers=0.055429,hidden_dim=512,learning_rate=4.8006e-05,monitor=loss,num_layers=1,opt_step_size=13,shared_output_size=112,weight_decay=1.2415e-05",lstm,4.800634479497581e-05,64,True,1,512,loss,112,13,1.2414893524908812e-05,0.055429001180543724,0.9629649249730624,"['sleepEfficiency', 'awakening', 'totalSleepTime', 'combined']"
dd705_00055,0.8277835845947266,0.26903825998306274,0.658203125,0.42247360944747925,6.0373804569244385,True,,,11,e7907e8d02564522909b80fd69af79ca,2021-10-14_20-33-10,1634232790,72.37026619911194,16569,crimv3srv041,10.141.0.35,72.37026619911194,0,11,"55_batch_size=128,bidirectional=True,dropout_inner_layers=0.49377,dropout_input_layers=0.54878,hidden_dim=128,learning_rate=0.017026,monitor=loss,num_layers=2,opt_step_size=10,shared_output_size=82,weight_decay=0.00022611",lstm,0.017026399481347064,128,True,2,128,loss,82,10,0.00022610913782519196,0.5487761118947776,0.4937721254502919,"['sleepEfficiency', 'awakening', 'totalSleepTime', 'combined']"
dd705_00056,0.8431896567344666,0.0,0.6223958134651184,0.2531925439834595,6.380034446716309,True,,,10,4b8850780ba84d7ca1ecfd087ed86c2c,2021-10-14_20-34-21,1634232861,66.79259705543518,27358,crimv3srv041,10.141.0.35,66.79259705543518,0,10,"56_batch_size=128,bidirectional=True,dropout_inner_layers=0.3558,dropout_input_layers=0.07001,hidden_dim=128,learning_rate=0.051872,monitor=mcc,num_layers=1,opt_step_size=16,shared_output_size=55,weight_decay=2.8528e-05",lstm,0.051871838709735,128,True,1,128,mcc,55,16,2.8527705916091586e-05,0.07001029549182314,0.3558021053633742,"['sleepEfficiency', 'awakening', 'totalSleepTime', 'combined']"
dd705_00057,0.8422794342041016,0.0,0.6223958134651184,0.2531925439834595,5.708310127258301,True,,,15,a13816d47a734252aa2a8dfd258b389d,2021-10-14_20-36-00,1634232960,94.09606504440308,36052,crimv3srv041,10.141.0.35,94.09606504440308,0,15,"57_batch_size=256,bidirectional=False,dropout_inner_layers=0.98559,dropout_input_layers=0.39975,hidden_dim=128,learning_rate=0.0068599,monitor=loss,num_layers=1,opt_step_size=5,shared_output_size=59,weight_decay=8.8082e-05",lstm,0.00685992606299556,256,False,1,128,loss,59,5,8.808242083044853e-05,0.39974740348286353,0.9855888979566303,"['sleepEfficiency', 'awakening', 'totalSleepTime', 'combined']"
dd705_00058,0.7325259447097778,0.23825441300868988,0.6549479365348816,0.38796889781951904,10.771157503128052,True,,,64,64f20ccc6a8f4e98ab8b653fd95e844a,2021-10-14_20-47-54,1634233674,709.3513426780701,49109,crimv3srv041,10.141.0.35,709.3513426780701,0,64,"58_batch_size=32,bidirectional=False,dropout_inner_layers=0.45305,dropout_input_layers=0.80265,hidden_dim=32,learning_rate=1.8528e-05,monitor=loss,num_layers=1,opt_step_size=14,shared_output_size=226,weight_decay=0.0010579",lstm,1.8527782896527166e-05,32,False,1,32,loss,226,14,0.0010579072046404717,0.8026451078840786,0.4530546326179845,"['sleepEfficiency', 'awakening', 'totalSleepTime', 'combined']"
dd705_00059,0.8773037195205688,0.2905954122543335,0.6559244990348816,0.4815004765987396,6.07798957824707,True,,,14,8bac4c4030d446cbbc63ea917b296ec2,2021-10-14_20-49-28,1634233768,89.04820132255554,105369,crimv3srv041,10.141.0.35,89.04820132255554,0,14,"59_batch_size=256,bidirectional=False,dropout_inner_layers=0.054826,dropout_input_layers=0.58315,hidden_dim=64,learning_rate=0.00046998,monitor=loss,num_layers=1,opt_step_size=13,shared_output_size=113,weight_decay=0.00071123",lstm,0.0004699821007132967,256,False,1,64,loss,113,13,0.0007112323392059804,0.5831529982331494,0.054826369818680054,"['sleepEfficiency', 'awakening', 'totalSleepTime', 'combined']"
dd705_00060,0.855165958404541,0.0,0.6223958134651184,0.2531925439834595,6.129415512084961,True,,,100,ae09e0bedd6f45cd8117ca0a2c53be55,2021-10-14_20-59-56,1634234396,622.6261019706726,117629,crimv3srv041,10.141.0.35,622.6261019706726,0,100,"60_batch_size=128,bidirectional=True,dropout_inner_layers=0.65511,dropout_input_layers=0.16174,hidden_dim=32,learning_rate=6.6454e-06,monitor=loss,num_layers=1,opt_step_size=19,shared_output_size=153,weight_decay=1.5648e-05",lstm,6.645351853689765e-06,128,True,1,32,loss,153,19,1.5647943771026686e-05,0.16174442855518356,0.655113314204341,"['sleepEfficiency', 'awakening', 'totalSleepTime', 'combined']"
dd705_00061,0.844760000705719,0.0,0.6223958134651184,0.2531925439834595,11.136490106582642,True,,,6,c1884a33a50246c2b8adc9624b2f6c58,2021-10-14_21-01-11,1634234471,71.29859185218811,202574,crimv3srv041,10.141.0.35,71.29859185218811,0,6,"61_batch_size=32,bidirectional=True,dropout_inner_layers=0.21864,dropout_input_layers=0.093765,hidden_dim=64,learning_rate=0.087684,monitor=mcc,num_layers=1,opt_step_size=18,shared_output_size=176,weight_decay=0.00022913",lstm,0.0876844583365122,32,True,1,64,mcc,176,18,0.0002291311050927,0.09376458450026892,0.2186436554379988,"['sleepEfficiency', 'awakening', 'totalSleepTime', 'combined']"
dd705_00062,0.8641219735145569,0.30688509345054626,0.666015625,0.4784601926803589,6.220747232437134,True,,,12,4d727f48ee104568acd025b42dfb6861,2021-10-14_21-02-34,1634234554,78.25513362884521,208260,crimv3srv041,10.141.0.35,78.25513362884521,0,12,"62_batch_size=128,bidirectional=True,dropout_inner_layers=0.11607,dropout_input_layers=0.28639,hidden_dim=128,learning_rate=0.00044332,monitor=loss,num_layers=2,opt_step_size=10,shared_output_size=158,weight_decay=0.0013779",lstm,0.0004433150297342739,128,True,2,128,loss,158,10,0.0013779369597587304,0.2863925264426952,0.11607183111321373,"['sleepEfficiency', 'awakening', 'totalSleepTime', 'combined']"
dd705_00063,0.7813634872436523,0.0,0.6223958134651184,0.2531925439834595,6.321434020996094,True,,,100,556a2a38dcfa4c84bd9fe1a519bf8573,2021-10-14_21-12-56,1634235176,617.4391894340515,218561,crimv3srv041,10.141.0.35,617.4391894340515,0,100,"63_batch_size=128,bidirectional=True,dropout_inner_layers=0.067665,dropout_input_layers=0.9006,hidden_dim=512,learning_rate=8.6349e-06,monitor=loss,num_layers=1,opt_step_size=19,shared_output_size=44,weight_decay=0.0013452",lstm,8.634915211912302e-06,128,True,1,512,loss,44,19,0.0013452448824388227,0.900598456897031,0.06766512178009565,"['sleepEfficiency', 'awakening', 'totalSleepTime', 'combined']"
dd705_00064,0.8531233072280884,0.0,0.6223958134651184,0.2531925439834595,11.708719491958618,True,,,81,1ba47c5b3fca4cbe8883ad4bae1b3a3c,2021-10-14_21-28-05,1634236085,903.7368628978729,303871,crimv3srv041,10.141.0.35,903.7368628978729,0,81,"64_batch_size=32,bidirectional=False,dropout_inner_layers=0.93826,dropout_input_layers=0.57964,hidden_dim=128,learning_rate=1.9335e-05,monitor=loss,num_layers=2,opt_step_size=9,shared_output_size=63,weight_decay=7.1968e-05",lstm,1.9335468543726313e-05,32,False,2,128,loss,63,9,7.196838440658156e-05,0.5796435612746703,0.9382614131149742,"['sleepEfficiency', 'awakening', 'totalSleepTime', 'combined']"
dd705_00065,1.0927937030792236,0.25838974118232727,0.6435546875,0.46267014741897583,5.861074447631836,True,,,16,5ea70b57565c41ef9e3778c840778a82,2021-10-14_21-29-53,1634236193,102.52476739883423,374934,crimv3srv041,10.141.0.35,102.52476739883423,0,16,"65_batch_size=128,bidirectional=True,dropout_inner_layers=0.575,dropout_input_layers=0.74124,hidden_dim=32,learning_rate=0.00080989,monitor=mcc,num_layers=1,opt_step_size=5,shared_output_size=121,weight_decay=5.8381e-05",lstm,0.0008098903079491654,128,True,1,32,mcc,121,5,5.8381024128679925e-05,0.7412358735256543,0.5749972787574523,"['sleepEfficiency', 'awakening', 'totalSleepTime', 'combined']"
dd705_00066,0.8898468017578125,0.2827804684638977,0.6552734375,0.4437633454799652,6.319178581237793,True,,,13,c0bf739f83434c66895276464a8d0d6a,2021-10-14_21-31-23,1634236283,84.96743321418762,388529,crimv3srv041,10.141.0.35,84.96743321418762,0,13,"66_batch_size=256,bidirectional=False,dropout_inner_layers=0.55445,dropout_input_layers=0.39979,hidden_dim=1024,learning_rate=0.00080287,monitor=loss,num_layers=1,opt_step_size=10,shared_output_size=121,weight_decay=0.0090804",lstm,0.00080286546352309,256,False,1,1024,loss,121,10,0.009080442878885509,0.39979331974970633,0.5544502130919293,"['sleepEfficiency', 'awakening', 'totalSleepTime', 'combined']"
dd705_00067,0.9541307687759399,0.30840790271759033,0.6604817509651184,0.4942273497581482,6.080469369888306,True,,,9,501ba61a22354621860f7442977c89f3,2021-10-14_21-32-28,1634236348,60.03949594497681,400391,crimv3srv041,10.141.0.35,60.03949594497681,0,9,"67_batch_size=128,bidirectional=True,dropout_inner_layers=0.23138,dropout_input_layers=0.4352,hidden_dim=64,learning_rate=0.0017334,monitor=loss,num_layers=1,opt_step_size=7,shared_output_size=187,weight_decay=0.00030357",lstm,0.0017334223067406983,128,True,1,64,loss,187,7,0.00030356874348737214,0.4352037055008746,0.23138313161411062,"['sleepEfficiency', 'awakening', 'totalSleepTime', 'combined']"
dd705_00068,0.8269848823547363,0.33222874999046326,0.6686198115348816,0.49751612544059753,5.789305210113525,True,,,15,00881649011e4653b78a640e0a10ddba,2021-10-14_21-34-09,1634236449,97.35023760795593,408237,crimv3srv041,10.141.0.35,97.35023760795593,0,15,"68_batch_size=128,bidirectional=False,dropout_inner_layers=0.2464,dropout_input_layers=0.96707,hidden_dim=1024,learning_rate=0.00041311,monitor=loss,num_layers=2,opt_step_size=16,shared_output_size=54,weight_decay=0.0010784",lstm,0.000413109580545904,128,False,2,1024,loss,54,16,0.0010783712647767893,0.9670712690233625,0.24639842770666254,"['sleepEfficiency', 'awakening', 'totalSleepTime', 'combined']"
dd705_00069,0.8487218022346497,0.2608247697353363,0.646484375,0.44368529319763184,5.502550840377808,True,,,9,2a0ff08d701d405c8411c3d8d1a3737f,2021-10-14_21-35-13,1634236513,58.56436014175415,421750,crimv3srv041,10.141.0.35,58.56436014175415,0,9,"69_batch_size=256,bidirectional=False,dropout_inner_layers=0.50561,dropout_input_layers=0.23763,hidden_dim=1024,learning_rate=0.0031755,monitor=loss,num_layers=1,opt_step_size=15,shared_output_size=157,weight_decay=0.00033468",lstm,0.003175499044710205,256,False,1,1024,loss,157,15,0.0003346753038910286,0.23762804706479823,0.5056115658517729,"['sleepEfficiency', 'awakening', 'totalSleepTime', 'combined']"
dd705_00070,0.9065181612968445,0.25728926062583923,0.6458333134651184,0.44246935844421387,6.006199598312378,True,,,18,5c12f685c0c04b2a9fe08c4049136443,2021-10-14_21-37-13,1634236633,114.69087934494019,429620,crimv3srv041,10.141.0.35,114.69087934494019,0,18,"70_batch_size=128,bidirectional=False,dropout_inner_layers=0.11538,dropout_input_layers=0.52385,hidden_dim=512,learning_rate=0.026511,monitor=mcc,num_layers=1,opt_step_size=16,shared_output_size=137,weight_decay=4.8527e-05",lstm,0.026511167611190423,128,False,1,512,mcc,137,16,4.852694496288431e-05,0.5238458797463513,0.11538132861819328,"['sleepEfficiency', 'awakening', 'totalSleepTime', 'combined']"
dd705_00071,1.1709173917770386,0.0,0.123046875,0.0703350380063057,6.893075466156006,True,,,6,4ab381e3c45b40bda6055d4f926ba5d8,2021-10-14_21-38-05,1634236685,47.17471647262573,444894,crimv3srv041,10.141.0.35,47.17471647262573,0,6,"71_batch_size=64,bidirectional=False,dropout_inner_layers=0.40307,dropout_input_layers=0.046524,hidden_dim=32,learning_rate=2.825e-06,monitor=mcc,num_layers=2,opt_step_size=11,shared_output_size=125,weight_decay=0.008055",lstm,2.8249559306556332e-06,64,False,2,32,mcc,125,11,0.008055016336652615,0.04652401494244707,0.403066535366588,"['sleepEfficiency', 'awakening', 'totalSleepTime', 'combined']"
dd705_00072,0.8432894349098206,0.0,0.6223958134651184,0.2531925439834595,7.140148878097534,True,,,16,65dc85a37586428fa286cbe3131621c9,2021-10-14_21-40-10,1634236810,122.51939296722412,450313,crimv3srv041,10.141.0.35,122.51939296722412,0,16,"72_batch_size=64,bidirectional=True,dropout_inner_layers=0.98427,dropout_input_layers=0.85601,hidden_dim=256,learning_rate=0.020567,monitor=loss,num_layers=2,opt_step_size=15,shared_output_size=60,weight_decay=0.0066301",lstm,0.020567216367069412,64,True,2,256,loss,60,15,0.0066300948223445315,0.8560058323553387,0.9842661714092562,"['sleepEfficiency', 'awakening', 'totalSleepTime', 'combined']"
dd705_00073,1.0546541213989258,0.0,0.388671875,0.17924271523952484,6.190882921218872,True,,,6,f901ac9d791f4f2d885903fe558873bb,2021-10-14_21-40-58,1634236858,42.39616847038269,5695,crimv3srv041,10.141.0.35,42.39616847038269,0,6,"73_batch_size=128,bidirectional=False,dropout_inner_layers=0.2233,dropout_input_layers=0.49338,hidden_dim=32,learning_rate=8.9817e-06,monitor=mcc,num_layers=2,opt_step_size=11,shared_output_size=250,weight_decay=0.00011537",lstm,8.98173399489656e-06,128,False,2,32,mcc,250,11,0.00011536918186906417,0.493381022044142,0.22329961530290654,"['sleepEfficiency', 'awakening', 'totalSleepTime', 'combined']"
dd705_00074,0.9527696371078491,0.32498687505722046,0.6643880009651184,0.4973468780517578,10.871482372283936,True,,,16,59aecf9f6ce841dcabc39ac79ab9d4f7,2021-10-14_21-43-58,1634237038,177.59008264541626,11164,crimv3srv041,10.141.0.35,177.59008264541626,0,16,"74_batch_size=32,bidirectional=True,dropout_inner_layers=0.19808,dropout_input_layers=0.72643,hidden_dim=64,learning_rate=0.0080041,monitor=mcc,num_layers=2,opt_step_size=5,shared_output_size=143,weight_decay=4.6544e-05",lstm,0.008004118661988439,32,True,2,64,mcc,143,5,4.6543713941381754e-05,0.7264333370015471,0.19808269630964026,"['sleepEfficiency', 'awakening', 'totalSleepTime', 'combined']"
dd705_00075,1.0159136056900024,0.33389168977737427,0.6575520634651184,0.5225907564163208,11.469920873641968,True,,,13,3bd6ed4f816c4b69ae04ad548fee53a4,2021-10-14_21-46-32,1634237192,148.58287644386292,25561,crimv3srv041,10.141.0.35,148.58287644386292,0,13,"75_batch_size=32,bidirectional=False,dropout_inner_layers=0.10489,dropout_input_layers=0.73472,hidden_dim=128,learning_rate=0.0018608,monitor=mcc,num_layers=2,opt_step_size=12,shared_output_size=136,weight_decay=0.0010286",lstm,0.0018608410306630286,32,False,2,128,mcc,136,12,0.0010286400520218497,0.7347163075645746,0.104886998237806,"['sleepEfficiency', 'awakening', 'totalSleepTime', 'combined']"
dd705_00076,1.0745285749435425,0.0,0.3063150942325592,0.13481362164020538,5.937971115112305,True,,,6,8d8f0bea7c07443ab83b7dbc5335bcc3,2021-10-14_21-47-19,1634237239,42.7700731754303,36970,crimv3srv041,10.141.0.35,42.7700731754303,0,6,"76_batch_size=256,bidirectional=True,dropout_inner_layers=0.71624,dropout_input_layers=0.93268,hidden_dim=32,learning_rate=2.0234e-05,monitor=mcc,num_layers=1,opt_step_size=5,shared_output_size=90,weight_decay=4.0113e-05",lstm,2.0234156375447313e-05,256,True,1,32,mcc,90,5,4.0113007580054016e-05,0.9326830038944455,0.71624463013374,"['sleepEfficiency', 'awakening', 'totalSleepTime', 'combined']"
dd705_00077,0.8344638347625732,0.0,0.6223958134651184,0.2531925439834595,10.444681406021118,True,,,100,23dedc5352524f2fb548a63f2d769f68,2021-10-14_22-05-43,1634238343,1100.6610774993896,42344,crimv3srv041,10.141.0.35,1100.6610774993896,0,100,"77_batch_size=32,bidirectional=False,dropout_inner_layers=0.61965,dropout_input_layers=0.40482,hidden_dim=1024,learning_rate=3.2023e-06,monitor=loss,num_layers=1,opt_step_size=11,shared_output_size=153,weight_decay=7.3217e-05",lstm,3.202259217787106e-06,32,False,1,1024,loss,153,11,7.321726020295997e-05,0.4048195760213684,0.6196533904838568,"['sleepEfficiency', 'awakening', 'totalSleepTime', 'combined']"
dd705_00078,0.9154766798019409,0.2794499695301056,0.63671875,0.46725714206695557,10.040931701660156,True,,,13,063d070d9f8e4603a041d571d3b42774,2021-10-14_22-08-15,1634238495,146.03833866119385,129521,crimv3srv041,10.141.0.35,146.03833866119385,0,13,"78_batch_size=32,bidirectional=True,dropout_inner_layers=0.52135,dropout_input_layers=0.38706,hidden_dim=256,learning_rate=0.00029767,monitor=mcc,num_layers=2,opt_step_size=11,shared_output_size=246,weight_decay=0.0066498",lstm,0.00029767017699083447,32,True,2,256,mcc,246,11,0.006649832062372949,0.38705984954504336,0.5213496175468412,"['sleepEfficiency', 'awakening', 'totalSleepTime', 'combined']"
dd705_00079,0.7523767352104187,0.1296144276857376,0.6302083134651184,0.31784260272979736,10.544389247894287,True,,,100,dd8b3275548d438dba6088edb583d476,2021-10-14_22-26-37,1634239597,1097.352327823639,141551,crimv3srv041,10.141.0.35,1097.352327823639,0,100,"79_batch_size=32,bidirectional=True,dropout_inner_layers=0.6773,dropout_input_layers=0.099943,hidden_dim=128,learning_rate=9.2485e-06,monitor=loss,num_layers=1,opt_step_size=19,shared_output_size=129,weight_decay=0.00036492",lstm,9.248540076272341e-06,32,True,1,128,loss,129,19,0.0003649170296841246,0.09994341164925002,0.6773036982957482,"['sleepEfficiency', 'awakening', 'totalSleepTime', 'combined']"
dd705_00080,1.04624342918396,0.0,0.5989583134651184,0.24523834884166718,6.094585418701172,True,,,9,d9028cb0c50d4071974112d9bc9b4abc,2021-10-14_22-27-41,1634239661,58.737699031829834,228693,crimv3srv041,10.141.0.35,58.737699031829834,0,9,"80_batch_size=128,bidirectional=False,dropout_inner_layers=0.4273,dropout_input_layers=0.69444,hidden_dim=32,learning_rate=1.4551e-05,monitor=mcc,num_layers=2,opt_step_size=6,shared_output_size=216,weight_decay=0.0027951",lstm,1.4551143510367737e-05,128,False,2,32,mcc,216,6,0.0027951301770182237,0.6944426563265474,0.42730332342146393,"['sleepEfficiency', 'awakening', 'totalSleepTime', 'combined']"
dd705_00081,0.9347506761550903,0.2446574866771698,0.6360676884651184,0.4199182093143463,5.39290976524353,True,,,10,f13c698645db407f9e929f6bc149174d,2021-10-14_22-28-50,1634239730,63.9973623752594,236558,crimv3srv041,10.141.0.35,63.9973623752594,0,10,"81_batch_size=256,bidirectional=True,dropout_inner_layers=0.43313,dropout_input_layers=0.0065337,hidden_dim=32,learning_rate=0.002565,monitor=loss,num_layers=1,opt_step_size=19,shared_output_size=97,weight_decay=0.0059606",lstm,0.002564985798535033,256,True,1,32,loss,97,19,0.005960630828716341,0.006533686932392091,0.43312893394016794,"['sleepEfficiency', 'awakening', 'totalSleepTime', 'combined']"
dd705_00082,1.1742812395095825,0.0,0.2705078125,0.12727585434913635,6.8449389934539795,True,,,6,16cd81bdabe04769b5f0faeac916e05c,2021-10-14_22-29-43,1634239783,48.302135944366455,245222,crimv3srv041,10.141.0.35,48.302135944366455,0,6,"82_batch_size=64,bidirectional=True,dropout_inner_layers=0.2725,dropout_input_layers=0.20091,hidden_dim=32,learning_rate=1.0784e-06,monitor=mcc,num_layers=1,opt_step_size=1,shared_output_size=38,weight_decay=0.0016139",lstm,1.0784313469529522e-06,64,True,1,32,mcc,38,1,0.0016139054520438465,0.200905043433658,0.27250120742073536,"['sleepEfficiency', 'awakening', 'totalSleepTime', 'combined']"
dd705_00083,0.8440249562263489,0.0,0.6223958134651184,0.2531925439834595,9.199070453643799,True,,,6,e8f0bbeaa0c340edb35e4249fb58f95b,2021-10-14_22-30-53,1634239853,67.22264456748962,250597,crimv3srv041,10.141.0.35,67.22264456748962,0,6,"83_batch_size=32,bidirectional=False,dropout_inner_layers=0.12982,dropout_input_layers=0.55298,hidden_dim=512,learning_rate=0.036154,monitor=mcc,num_layers=2,opt_step_size=10,shared_output_size=73,weight_decay=0.0001166",lstm,0.03615425490861013,32,False,2,512,mcc,73,10,0.00011659729948247092,0.5529794749211446,0.12981856461969576,"['sleepEfficiency', 'awakening', 'totalSleepTime', 'combined']"
dd705_00084,0.8329169750213623,0.26976069808006287,0.6526692509651184,0.4502451717853546,5.481400966644287,True,,,12,e057802fc3684db89d6340d18f668bbe,2021-10-14_22-32-14,1634239934,75.59725952148438,256683,crimv3srv041,10.141.0.35,75.59725952148438,0,12,"84_batch_size=256,bidirectional=True,dropout_inner_layers=0.40833,dropout_input_layers=0.83171,hidden_dim=512,learning_rate=0.00092416,monitor=loss,num_layers=1,opt_step_size=2,shared_output_size=40,weight_decay=0.00058713",lstm,0.0009241628155288256,256,True,1,512,loss,40,2,0.0005871288360283418,0.8317084939319221,0.4083328175154486,"['sleepEfficiency', 'awakening', 'totalSleepTime', 'combined']"
dd705_00085,1.1384856700897217,0.0,0.2428385466337204,0.11038456112146378,6.033673524856567,True,,,100,54a8197888f24ad9a3aad7642dcc6912,2021-10-14_22-42-32,1634240552,613.6489398479462,267080,crimv3srv041,10.141.0.35,613.6489398479462,0,100,"85_batch_size=128,bidirectional=True,dropout_inner_layers=0.94829,dropout_input_layers=0.61452,hidden_dim=512,learning_rate=1.9367e-06,monitor=loss,num_layers=2,opt_step_size=2,shared_output_size=124,weight_decay=0.00050433",lstm,1.93667780773698e-06,128,True,2,512,loss,124,2,0.0005043346155225468,0.61452489795885,0.9482910681305264,"['sleepEfficiency', 'awakening', 'totalSleepTime', 'combined']"
dd705_00086,0.8436310291290283,0.0,0.6223958134651184,0.2531925439834595,7.507259130477905,True,,,13,432fed034da846cdb85ff376c10e2ec9,2021-10-14_22-44-17,1634240657,98.67785406112671,351511,crimv3srv041,10.141.0.35,98.67785406112671,0,13,"86_batch_size=64,bidirectional=True,dropout_inner_layers=0.52368,dropout_input_layers=0.82071,hidden_dim=512,learning_rate=0.030778,monitor=loss,num_layers=1,opt_step_size=8,shared_output_size=186,weight_decay=2.2005e-05",lstm,0.030777566173709296,64,True,1,512,loss,186,8,2.2005386798611515e-05,0.8207077532989019,0.5236817393354374,"['sleepEfficiency', 'awakening', 'totalSleepTime', 'combined']"
dd705_00087,0.8435649275779724,0.0,0.6223958134651184,0.2531925439834595,6.13838529586792,True,,,6,71ea32da526b426eb096557b044454b7,2021-10-14_22-45-05,1634240705,42.90121603012085,362763,crimv3srv041,10.141.0.35,42.90121603012085,0,6,"87_batch_size=128,bidirectional=False,dropout_inner_layers=0.56275,dropout_input_layers=0.74311,hidden_dim=128,learning_rate=0.06716,monitor=loss,num_layers=1,opt_step_size=19,shared_output_size=176,weight_decay=0.00011382",lstm,0.06715973001703755,128,False,1,128,loss,176,19,0.00011382289967314128,0.7431063070789672,0.5627541924244227,"['sleepEfficiency', 'awakening', 'totalSleepTime', 'combined']"
dd705_00088,0.8898175954818726,0.3128804862499237,0.673828125,0.4886687994003296,5.7561681270599365,True,,,8,d683424698974467b7c00e6ccb48e4a4,2021-10-14_22-46-01,1634240761,53.129395723342896,368431,crimv3srv041,10.141.0.35,53.129395723342896,0,8,"88_batch_size=256,bidirectional=False,dropout_inner_layers=0.045667,dropout_input_layers=0.20706,hidden_dim=64,learning_rate=0.012068,monitor=loss,num_layers=1,opt_step_size=14,shared_output_size=13,weight_decay=0.0022227",lstm,0.012067713710041615,256,False,1,64,loss,13,14,0.002222716192265071,0.20706327429075044,0.04566749787537483,"['sleepEfficiency', 'awakening', 'totalSleepTime', 'combined']"
dd705_00089,0.7813802361488342,0.030995076522231102,0.6266276240348816,0.2670159637928009,11.604363918304443,True,,,100,72f8336b57c64f2089f3d1f95b9f63d0,2021-10-14_23-04-54,1634241894,1128.1006803512573,375903,crimv3srv041,10.141.0.35,1128.1006803512573,0,100,"89_batch_size=32,bidirectional=True,dropout_inner_layers=0.36755,dropout_input_layers=0.34169,hidden_dim=64,learning_rate=3.3342e-06,monitor=loss,num_layers=2,opt_step_size=19,shared_output_size=183,weight_decay=0.0069896",lstm,3.334191793471944e-06,32,True,2,64,loss,183,19,0.006989644871063898,0.34169352128608255,0.36754547169496776,"['sleepEfficiency', 'awakening', 'totalSleepTime', 'combined']"
dd705_00090,0.7827680706977844,0.0,0.6223958134651184,0.2531925439834595,5.8783860206604,True,,,6,32c5c1f9b1364efcbcca1afc7eb74e82,2021-10-14_23-05-41,1634241941,41.9032928943634,3627,crimv3srv041,10.141.0.35,41.9032928943634,0,6,"90_batch_size=128,bidirectional=False,dropout_inner_layers=0.80268,dropout_input_layers=0.42932,hidden_dim=64,learning_rate=0.00024588,monitor=mcc,num_layers=1,opt_step_size=8,shared_output_size=91,weight_decay=1.1234e-05",lstm,0.000245881896083182,128,False,1,64,mcc,91,8,1.1233891515461037e-05,0.429321000003581,0.8026759231474048,"['sleepEfficiency', 'awakening', 'totalSleepTime', 'combined']"
dd705_00091,1.1160860061645508,0.0,0.3125,0.15045377612113953,6.008123159408569,True,,,6,1da0a54829294e86a4779e87e752df7d,2021-10-14_23-06-24,1634241984,40.35389232635498,9429,crimv3srv041,10.141.0.35,40.35389232635498,0,6,"91_batch_size=256,bidirectional=True,dropout_inner_layers=0.72449,dropout_input_layers=0.04308,hidden_dim=128,learning_rate=5.5011e-06,monitor=mcc,num_layers=2,opt_step_size=18,shared_output_size=254,weight_decay=0.0001112",lstm,5.501099385022428e-06,256,True,2,128,mcc,254,18,0.00011119566664148036,0.04307997646729245,0.724490971749108,"['sleepEfficiency', 'awakening', 'totalSleepTime', 'combined']"
dd705_00092,0.7882533669471741,0.1039537638425827,0.6363932490348816,0.34331443905830383,7.0102105140686035,True,,,10,597a6f196891493db31b423bbfc2c4b2,2021-10-14_23-07-47,1634242067,78.97677254676819,14988,crimv3srv041,10.141.0.35,78.97677254676819,0,10,"92_batch_size=64,bidirectional=False,dropout_inner_layers=0.27234,dropout_input_layers=0.59151,hidden_dim=256,learning_rate=0.019417,monitor=mcc,num_layers=2,opt_step_size=13,shared_output_size=17,weight_decay=2.8575e-05",lstm,0.01941738721931226,64,False,2,256,mcc,17,13,2.8575093218792044e-05,0.5915118304152086,0.2723393437778714,"['sleepEfficiency', 'awakening', 'totalSleepTime', 'combined']"
dd705_00093,0.840053379535675,0.03740452602505684,0.576171875,0.2494516372680664,5.91402530670166,True,,,8,4dd62dc49aa147fe80a2feb9e5949f0f,2021-10-14_23-08-44,1634242124,51.90345883369446,24851,crimv3srv041,10.141.0.35,51.90345883369446,0,8,"93_batch_size=256,bidirectional=True,dropout_inner_layers=0.81556,dropout_input_layers=0.017461,hidden_dim=512,learning_rate=0.026239,monitor=loss,num_layers=2,opt_step_size=4,shared_output_size=214,weight_decay=0.00033021",lstm,0.026239170821416993,256,True,2,512,loss,214,4,0.00033020811039075255,0.017461048785403555,0.8155576359704224,"['sleepEfficiency', 'awakening', 'totalSleepTime', 'combined']"
dd705_00094,0.8542284965515137,0.006928963586688042,0.609375,0.272024005651474,7.041211128234863,True,,,66,44c48b3606394260a6ede12897a76bd7,2021-10-14_23-17-00,1634242620,494.0548930168152,32409,crimv3srv041,10.141.0.35,494.0548930168152,0,66,"94_batch_size=64,bidirectional=False,dropout_inner_layers=0.8417,dropout_input_layers=0.71534,hidden_dim=64,learning_rate=1.3475e-05,monitor=loss,num_layers=2,opt_step_size=6,shared_output_size=219,weight_decay=0.0087457",lstm,1.3475456825549145e-05,64,False,2,64,loss,219,6,0.008745698615520292,0.715338697990151,0.8417037296137863,"['sleepEfficiency', 'awakening', 'totalSleepTime', 'combined']"
dd705_00095,0.960751473903656,0.016837486997246742,0.6041666865348816,0.25651153922080994,6.034051179885864,True,,,100,3e6552e922364be39517d33aeeffcafa,2021-10-14_23-27-04,1634243224,597.0325071811676,87948,crimv3srv041,10.141.0.35,597.0325071811676,0,100,"95_batch_size=256,bidirectional=False,dropout_inner_layers=0.16137,dropout_input_layers=0.91781,hidden_dim=512,learning_rate=4.3385e-06,monitor=loss,num_layers=2,opt_step_size=16,shared_output_size=186,weight_decay=0.00018365",lstm,4.33850013123465e-06,256,False,2,512,loss,186,16,0.00018364659378267327,0.9178073577385357,0.1613732997268965,"['sleepEfficiency', 'awakening', 'totalSleepTime', 'combined']"
dd705_00096,1.086632490158081,0.0,0.3486328125,0.16276785731315613,7.39506459236145,True,,,6,20b6e302e21f4f449a59582f7a879880,2021-10-14_23-27-58,1634243278,49.550042152404785,170268,crimv3srv041,10.141.0.35,49.550042152404785,0,6,"96_batch_size=64,bidirectional=True,dropout_inner_layers=0.65682,dropout_input_layers=0.21202,hidden_dim=256,learning_rate=4.3212e-06,monitor=mcc,num_layers=2,opt_step_size=11,shared_output_size=82,weight_decay=0.0016112",lstm,4.321204898502588e-06,64,True,2,256,mcc,82,11,0.0016112065478363583,0.2120236616037925,0.6568203223428953,"['sleepEfficiency', 'awakening', 'totalSleepTime', 'combined']"
dd705_00097,0.9037671685218811,0.1908581554889679,0.55078125,0.33695104718208313,9.890629529953003,True,,,7,6d204a73463b4c7c9e127fc008afc3c2,2021-10-14_23-29-24,1634243364,82.58741807937622,175648,crimv3srv041,10.141.0.35,82.58741807937622,0,7,"97_batch_size=32,bidirectional=False,dropout_inner_layers=0.78137,dropout_input_layers=0.83798,hidden_dim=128,learning_rate=0.002153,monitor=loss,num_layers=2,opt_step_size=8,shared_output_size=163,weight_decay=0.0032785",lstm,0.0021529973277781794,32,False,2,128,loss,163,8,0.0032785432484238037,0.8379788198428415,0.7813728923195125,"['sleepEfficiency', 'awakening', 'totalSleepTime', 'combined']"
dd705_00098,0.8421716690063477,0.0,0.6223958134651184,0.2531925439834595,9.889307498931885,True,,,6,4d41d1e3abc7491e86411428f08133f3,2021-10-14_23-30-37,1634243437,68.35305333137512,182674,crimv3srv041,10.141.0.35,68.35305333137512,0,6,"98_batch_size=32,bidirectional=True,dropout_inner_layers=0.92848,dropout_input_layers=0.24063,hidden_dim=32,learning_rate=0.025852,monitor=mcc,num_layers=1,opt_step_size=14,shared_output_size=192,weight_decay=3.0631e-05",lstm,0.025852019692847877,32,True,1,32,mcc,192,14,3.063134009317575e-05,0.24062503348093855,0.9284803885726929,"['sleepEfficiency', 'awakening', 'totalSleepTime', 'combined']"
dd705_00099,0.8440071940422058,0.0,0.6223958134651184,0.2531925439834595,5.806678533554077,True,,,15,a97646e6eead44ab898f0c26005e596a,2021-10-14_23-32-14,1634243534,92.66144180297852,188189,crimv3srv041,10.141.0.35,92.66144180297852,0,15,"99_batch_size=256,bidirectional=False,dropout_inner_layers=0.58904,dropout_input_layers=0.0069052,hidden_dim=1024,learning_rate=0.072152,monitor=loss,num_layers=1,opt_step_size=14,shared_output_size=172,weight_decay=0.00071288",lstm,0.07215195234641808,256,False,1,1024,loss,172,14,0.0007128828031048236,0.006905196308359396,0.5890362760301505,"['sleepEfficiency', 'awakening', 'totalSleepTime', 'combined']"
dd705_00100,0.8090156316757202,0.335525244474411,0.6754557490348816,0.5078849792480469,11.83477234840393,True,,,13,fe3b41de939e422aac5e7e419d84942e,2021-10-14_23-34-42,1634243682,142.61727118492126,200923,crimv3srv041,10.141.0.35,142.61727118492126,0,13,"100_batch_size=32,bidirectional=True,dropout_inner_layers=0.04355,dropout_input_layers=0.087269,hidden_dim=512,learning_rate=0.0093846,monitor=mcc,num_layers=2,opt_step_size=9,shared_output_size=143,weight_decay=0.0059117",lstm,0.009384637910642632,32,True,2,512,mcc,143,9,0.00591168575000478,0.08726859659144937,0.04355006061854583,"['sleepEfficiency', 'awakening', 'totalSleepTime', 'combined']"
dd705_00101,0.8423305749893188,0.0,0.6223958134651184,0.2531925439834595,7.065654039382935,True,,,6,99b0d545e8c9478e9c7834683cee3ae0,2021-10-14_23-35-35,1634243735,48.1423397064209,212216,crimv3srv041,10.141.0.35,48.1423397064209,0,6,"101_batch_size=64,bidirectional=True,dropout_inner_layers=0.99506,dropout_input_layers=0.0079135,hidden_dim=512,learning_rate=0.0077654,monitor=mcc,num_layers=2,opt_step_size=14,shared_output_size=40,weight_decay=3.2188e-05",lstm,0.007765355493677935,64,True,2,512,mcc,40,14,3.218769004425639e-05,0.007913451506380564,0.9950610148642834,"['sleepEfficiency', 'awakening', 'totalSleepTime', 'combined']"
dd705_00102,1.1331292390823364,0.29710638523101807,0.6380208134651184,0.4944186806678772,5.915575265884399,True,,,15,bf7292d3092740bca784435f60a5b89f,2021-10-14_23-37-14,1634243834,95.84204244613647,217727,crimv3srv041,10.141.0.35,95.84204244613647,0,15,"102_batch_size=128,bidirectional=False,dropout_inner_layers=0.069898,dropout_input_layers=0.16984,hidden_dim=64,learning_rate=0.00059831,monitor=mcc,num_layers=1,opt_step_size=18,shared_output_size=83,weight_decay=8.8142e-05",lstm,0.000598311666936378,128,False,1,64,mcc,83,18,8.814166515942912e-05,0.16983710135522823,0.0698976566840167,"['sleepEfficiency', 'awakening', 'totalSleepTime', 'combined']"
dd705_00103,1.117349624633789,0.0,0.3359375,0.15840798616409302,11.469217538833618,True,,,6,3ca0843198904807b5bab3459ff5df91,2021-10-14_23-38-28,1634243908,69.75862884521484,230541,crimv3srv041,10.141.0.35,69.75862884521484,0,6,"103_batch_size=32,bidirectional=True,dropout_inner_layers=0.87954,dropout_input_layers=0.26465,hidden_dim=256,learning_rate=1.0315e-05,monitor=mcc,num_layers=2,opt_step_size=15,shared_output_size=43,weight_decay=0.00098516",lstm,1.0314669758387424e-05,32,True,2,256,mcc,43,15,0.0009851565960215184,0.26465000332614685,0.8795371914476667,"['sleepEfficiency', 'awakening', 'totalSleepTime', 'combined']"
dd705_00104,0.9523448944091797,0.0,0.5989583134651184,0.24523834884166718,5.924158811569214,True,,,100,a39a2fdd8aee422f9f9115ce33a340e9,2021-10-14_23-48-45,1634244525,612.3422634601593,235984,crimv3srv041,10.141.0.35,612.3422634601593,0,100,"104_batch_size=128,bidirectional=True,dropout_inner_layers=0.14062,dropout_input_layers=0.31733,hidden_dim=64,learning_rate=2.2172e-06,monitor=loss,num_layers=2,opt_step_size=2,shared_output_size=155,weight_decay=0.00025488",lstm,2.2172441417690107e-06,128,True,2,64,loss,155,2,0.0002548773538151708,0.3173334302550711,0.14062471911174268,"['sleepEfficiency', 'awakening', 'totalSleepTime', 'combined']"
dd705_00105,0.8576357960700989,0.27685314416885376,0.6471354365348816,0.4602867662906647,5.9890265464782715,True,,,10,22b44d5bf553476593a19181dfc87112,2021-10-14_23-49-57,1634244597,64.76659274101257,320478,crimv3srv041,10.141.0.35,64.76659274101257,0,10,"105_batch_size=128,bidirectional=False,dropout_inner_layers=0.46104,dropout_input_layers=0.8544,hidden_dim=1024,learning_rate=0.00095931,monitor=loss,num_layers=1,opt_step_size=16,shared_output_size=27,weight_decay=0.0011543",lstm,0.0009593118722477079,128,False,1,1024,loss,27,16,0.001154257909279781,0.8544045114704039,0.4610360070031473,"['sleepEfficiency', 'awakening', 'totalSleepTime', 'combined']"
dd705_00106,0.8309868574142456,0.21974846720695496,0.6409505009651184,0.39141133427619934,5.458117485046387,True,,,12,33c067ccfa46417ea7fba01ec7a0de10,2021-10-14_23-51-19,1634244679,77.13506150245667,329091,crimv3srv041,10.141.0.35,77.13506150245667,0,12,"106_batch_size=256,bidirectional=False,dropout_inner_layers=0.01493,dropout_input_layers=0.5991,hidden_dim=256,learning_rate=0.055462,monitor=mcc,num_layers=1,opt_step_size=17,shared_output_size=54,weight_decay=0.00043626",lstm,0.05546244319234494,256,False,1,256,mcc,54,17,0.0004362648550407226,0.5991033931164969,0.014930330493676203,"['sleepEfficiency', 'awakening', 'totalSleepTime', 'combined']"
dd705_00107,1.0503002405166626,0.0,0.5026041865348816,0.21314303576946259,5.893898010253906,True,,,6,fe43fbd4d6d34224a11695a392df401f,2021-10-14_23-52-04,1634244724,40.79568958282471,340107,crimv3srv041,10.141.0.35,40.79568958282471,0,6,"107_batch_size=128,bidirectional=True,dropout_inner_layers=0.83712,dropout_input_layers=0.8188,hidden_dim=64,learning_rate=5.4605e-06,monitor=mcc,num_layers=2,opt_step_size=15,shared_output_size=71,weight_decay=0.00020348",lstm,5.460457524455693e-06,128,True,2,64,mcc,71,15,0.0002034789804801405,0.818803340143627,0.8371185555055574,"['sleepEfficiency', 'awakening', 'totalSleepTime', 'combined']"
dd705_00108,0.8259950280189514,0.0,0.6223958134651184,0.2531925439834595,6.126965522766113,True,,,6,779392ee945742b0be332621cf97fec0,2021-10-14_23-52-48,1634244768,41.37887525558472,345528,crimv3srv041,10.141.0.35,41.37887525558472,0,6,"108_batch_size=256,bidirectional=False,dropout_inner_layers=0.11092,dropout_input_layers=0.26263,hidden_dim=512,learning_rate=0.00018704,monitor=mcc,num_layers=1,opt_step_size=7,shared_output_size=151,weight_decay=1.2149e-05",lstm,0.00018704481060077767,256,False,1,512,mcc,151,7,1.2149359713651557e-05,0.26263371683457026,0.11091507978199677,"['sleepEfficiency', 'awakening', 'totalSleepTime', 'combined']"
dd705_00109,0.842665433883667,0.0,0.6223958134651184,0.2531925439834595,10.840948104858398,True,,,6,35edf4e5669343a9bf6861f745bac8ef,2021-10-14_23-54-04,1634244844,70.77656698226929,351361,crimv3srv041,10.141.0.35,70.77656698226929,0,6,"109_batch_size=32,bidirectional=False,dropout_inner_layers=0.59218,dropout_input_layers=0.18221,hidden_dim=64,learning_rate=0.021419,monitor=loss,num_layers=2,opt_step_size=11,shared_output_size=71,weight_decay=0.0021919",lstm,0.021418663912749537,32,False,2,64,loss,71,11,0.002191910170386419,0.18221069190516292,0.5921839025126898,"['sleepEfficiency', 'awakening', 'totalSleepTime', 'combined']"
dd705_00110,0.8431060314178467,0.0,0.6223958134651184,0.2531925439834595,11.115998268127441,True,,,6,3720df340e604d78bf4cb390f06e9058,2021-10-14_23-55-17,1634244917,68.36994123458862,357043,crimv3srv041,10.141.0.35,68.36994123458862,0,6,"110_batch_size=32,bidirectional=False,dropout_inner_layers=0.73575,dropout_input_layers=0.74943,hidden_dim=256,learning_rate=0.033547,monitor=mcc,num_layers=2,opt_step_size=19,shared_output_size=89,weight_decay=0.00014077",lstm,0.03354712603066375,32,False,2,256,mcc,89,19,0.00014077054953490008,0.749433697097688,0.7357537690460696,"['sleepEfficiency', 'awakening', 'totalSleepTime', 'combined']"
dd705_00111,1.1212759017944336,0.0,0.4280599057674408,0.18233057856559753,5.942558765411377,True,,,6,0064bf6b7368439891da89132692f498,2021-10-14_23-56-03,1634244963,40.96046447753906,362570,crimv3srv041,10.141.0.35,40.96046447753906,0,6,"111_batch_size=256,bidirectional=True,dropout_inner_layers=0.45968,dropout_input_layers=0.34831,hidden_dim=1024,learning_rate=4.01e-05,monitor=mcc,num_layers=2,opt_step_size=4,shared_output_size=44,weight_decay=2.8165e-05",lstm,4.0099594989633744e-05,256,True,2,1024,mcc,44,4,2.8164571722730746e-05,0.34831429738420927,0.4596784163502897,"['sleepEfficiency', 'awakening', 'totalSleepTime', 'combined']"
dd705_00112,0.7420529723167419,0.20653918385505676,0.6494140625,0.3697095513343811,6.083912372589111,True,,,52,e9ea5d3484ce4a46b01129f69ec91fce,2021-10-15_00-01-28,1634245288,321.9255962371826,367919,crimv3srv041,10.141.0.35,321.9255962371826,0,52,"112_batch_size=128,bidirectional=True,dropout_inner_layers=0.52363,dropout_input_layers=0.56723,hidden_dim=32,learning_rate=4.1542e-05,monitor=loss,num_layers=1,opt_step_size=4,shared_output_size=128,weight_decay=1.8145e-05",lstm,4.15418616277374e-05,128,True,1,32,loss,128,4,1.814501554759679e-05,0.5672331056808546,0.5236330552949983,"['sleepEfficiency', 'awakening', 'totalSleepTime', 'combined']"
dd705_00113,0.7979788780212402,0.18354561924934387,0.6116536259651184,0.36092644929885864,5.8418707847595215,True,,,22,3198984b52304d47b379424f10a03302,2021-10-15_00-03-52,1634245432,138.7892394065857,411973,crimv3srv041,10.141.0.35,138.7892394065857,0,22,"113_batch_size=128,bidirectional=False,dropout_inner_layers=0.74662,dropout_input_layers=0.32493,hidden_dim=512,learning_rate=0.011029,monitor=mcc,num_layers=2,opt_step_size=8,shared_output_size=242,weight_decay=0.00012902",lstm,0.011028573662291895,128,False,2,512,mcc,242,8,0.0001290204893707173,0.3249343127899528,0.7466233979281627,"['sleepEfficiency', 'awakening', 'totalSleepTime', 'combined']"
dd705_00114,0.8379971385002136,0.06293952465057373,0.6315104365348816,0.2943829596042633,6.053124189376831,True,,,10,19d7630b22db46b5a9ad739f25607eab,2021-10-15_00-05-04,1634245504,66.284991979599,431207,crimv3srv041,10.141.0.35,66.284991979599,0,10,"114_batch_size=128,bidirectional=False,dropout_inner_layers=0.77092,dropout_input_layers=0.26194,hidden_dim=256,learning_rate=0.021978,monitor=loss,num_layers=1,opt_step_size=16,shared_output_size=221,weight_decay=2.9991e-05",lstm,0.021978451856089345,128,False,1,256,loss,221,16,2.999130052184794e-05,0.26194031577299703,0.770915150687811,"['sleepEfficiency', 'awakening', 'totalSleepTime', 'combined']"
dd705_00115,1.1585335731506348,0.0,0.1630859375,0.08680989593267441,5.587676048278809,True,,,6,42e5a6d428cf4d30aacb60f51e4a17b7,2021-10-15_00-05-50,1634245550,41.25286841392517,440695,crimv3srv041,10.141.0.35,41.25286841392517,0,6,"115_batch_size=256,bidirectional=True,dropout_inner_layers=0.73008,dropout_input_layers=0.53044,hidden_dim=512,learning_rate=1.4383e-05,monitor=mcc,num_layers=1,opt_step_size=1,shared_output_size=5,weight_decay=0.00029576",lstm,1.438342496806583e-05,256,True,1,512,mcc,5,1,0.0002957638488684732,0.5304444760084379,0.7300829434842374,"['sleepEfficiency', 'awakening', 'totalSleepTime', 'combined']"
dd705_00116,1.0628178119659424,0.0,0.4303385317325592,0.1877804547548294,5.983495235443115,True,,,6,3ffa3c7463924d1b93ba46f0623a8e2c,2021-10-15_00-06-34,1634245594,41.051398277282715,445999,crimv3srv041,10.141.0.35,41.051398277282715,0,6,"116_batch_size=256,bidirectional=False,dropout_inner_layers=0.96733,dropout_input_layers=0.42496,hidden_dim=64,learning_rate=1.9314e-06,monitor=mcc,num_layers=1,opt_step_size=8,shared_output_size=105,weight_decay=0.0039264",lstm,1.9313983824302704e-06,256,False,1,64,mcc,105,8,0.003926424011030655,0.4249556623923264,0.9673315265182016,"['sleepEfficiency', 'awakening', 'totalSleepTime', 'combined']"
dd705_00117,1.2022751569747925,0.0,0.2125651091337204,0.10896427184343338,7.351181268692017,True,,,6,25dd4bd301674c95add0e2228cc943c7,2021-10-15_00-07-28,1634245648,49.13732600212097,451344,crimv3srv041,10.141.0.35,49.13732600212097,0,6,"117_batch_size=64,bidirectional=True,dropout_inner_layers=0.89118,dropout_input_layers=0.74682,hidden_dim=1024,learning_rate=2.0931e-06,monitor=mcc,num_layers=1,opt_step_size=7,shared_output_size=126,weight_decay=0.0077135",lstm,2.0931023135552544e-06,64,True,1,1024,mcc,126,7,0.007713460629837639,0.7468225934029865,0.8911830561123901,"['sleepEfficiency', 'awakening', 'totalSleepTime', 'combined']"
dd705_00118,0.8472594618797302,0.0,0.6223958134651184,0.2531925439834595,9.957162141799927,True,,,6,ba2e0053f30f4030b8f7db6a14f636f6,2021-10-15_00-08-39,1634245719,67.62095379829407,456792,crimv3srv041,10.141.0.35,67.62095379829407,0,6,"118_batch_size=32,bidirectional=True,dropout_inner_layers=0.57276,dropout_input_layers=0.89549,hidden_dim=1024,learning_rate=0.096814,monitor=mcc,num_layers=2,opt_step_size=10,shared_output_size=16,weight_decay=1.0228e-05",lstm,0.09681399181949714,32,True,2,1024,mcc,16,10,1.0228052962024324e-05,0.8954944642917544,0.5727620609028856,"['sleepEfficiency', 'awakening', 'totalSleepTime', 'combined']"
dd705_00119,1.1344108581542969,0.3040400743484497,0.6520182490348816,0.4886942207813263,6.088833570480347,True,,,12,1bb98fb0edc34d62bea85aeeb71a8748,2021-10-15_00-09-59,1634245799,75.2577874660492,3818,crimv3srv041,10.141.0.35,75.2577874660492,0,12,"119_batch_size=256,bidirectional=True,dropout_inner_layers=0.26862,dropout_input_layers=0.73468,hidden_dim=512,learning_rate=0.010825,monitor=mcc,num_layers=1,opt_step_size=2,shared_output_size=160,weight_decay=9.6089e-05",lstm,0.010824934121869514,256,True,1,512,mcc,160,2,9.608851382477845e-05,0.734683839443117,0.2686213373555808,"['sleepEfficiency', 'awakening', 'totalSleepTime', 'combined']"
dd705_00120,0.7976542711257935,0.27442312240600586,0.6585286259651184,0.4314994513988495,6.054589509963989,True,,,13,e660f15063d146a0b5a5adc24edbab94,2021-10-15_00-11-26,1634245886,83.1133382320404,14153,crimv3srv041,10.141.0.35,83.1133382320404,0,13,"120_batch_size=256,bidirectional=False,dropout_inner_layers=0.51583,dropout_input_layers=0.59291,hidden_dim=128,learning_rate=0.00063596,monitor=loss,num_layers=1,opt_step_size=2,shared_output_size=240,weight_decay=0.0031868",lstm,0.0006359566631558982,256,False,1,128,loss,240,2,0.0031867730007959258,0.5929119873311093,0.5158345627597962,"['sleepEfficiency', 'awakening', 'totalSleepTime', 'combined']"
dd705_00121,0.9534436464309692,0.0035909265279769897,0.6009114384651184,0.2518731653690338,6.00359582901001,True,,,25,aa20996dbfee4d899f78c436df531c29,2021-10-15_00-14-07,1634246047,155.87149238586426,26596,crimv3srv041,10.141.0.35,155.87149238586426,0,25,"121_batch_size=128,bidirectional=True,dropout_inner_layers=0.93291,dropout_input_layers=0.80074,hidden_dim=64,learning_rate=0.00011428,monitor=loss,num_layers=1,opt_step_size=4,shared_output_size=254,weight_decay=6.3578e-05",lstm,0.00011427512388424807,128,True,1,64,loss,254,4,6.357756941305197e-05,0.800738633115825,0.9329069312668441,"['sleepEfficiency', 'awakening', 'totalSleepTime', 'combined']"
dd705_00122,1.182944655418396,0.0,0.1650390625,0.09351296722888947,5.540973901748657,True,,,6,888cb32cc5e944868fc45b71494c50ac,2021-10-15_00-14-54,1634246094,42.26887392997742,48336,crimv3srv041,10.141.0.35,42.26887392997742,0,6,"122_batch_size=256,bidirectional=False,dropout_inner_layers=0.49343,dropout_input_layers=0.84547,hidden_dim=1024,learning_rate=1.1482e-06,monitor=mcc,num_layers=1,opt_step_size=13,shared_output_size=87,weight_decay=0.0061944",lstm,1.1481932067953648e-06,256,False,1,1024,mcc,87,13,0.00619443809658721,0.8454699083617317,0.49342586930074506,"['sleepEfficiency', 'awakening', 'totalSleepTime', 'combined']"
dd705_00123,0.8446817398071289,0.0,0.6223958134651184,0.2531925439834595,9.894495487213135,True,,,9,baa1f5fdffc74b0db4780eb1df3b4e49,2021-10-15_00-16-39,1634246199,101.78700423240662,53707,crimv3srv041,10.141.0.35,101.78700423240662,0,9,"123_batch_size=32,bidirectional=True,dropout_inner_layers=0.92846,dropout_input_layers=0.88122,hidden_dim=64,learning_rate=0.051071,monitor=loss,num_layers=2,opt_step_size=19,shared_output_size=220,weight_decay=0.0034769",lstm,0.05107081795882928,32,True,2,64,loss,220,19,0.0034768843322131576,0.8812237034488766,0.928459465345327,"['sleepEfficiency', 'awakening', 'totalSleepTime', 'combined']"
dd705_00124,1.1999009847640991,0.0,0.2145182341337204,0.11566734313964844,5.8544135093688965,True,,,6,b4851adae613448599e69efdb3738f90,2021-10-15_00-17-23,1634246243,40.924474477767944,62330,crimv3srv041,10.141.0.35,40.924474477767944,0,6,"124_batch_size=128,bidirectional=False,dropout_inner_layers=0.20271,dropout_input_layers=0.16114,hidden_dim=256,learning_rate=8.8893e-06,monitor=mcc,num_layers=1,opt_step_size=15,shared_output_size=187,weight_decay=0.00065603",lstm,8.889315585861055e-06,128,False,1,256,mcc,187,15,0.0006560323370482919,0.16114303728987434,0.2027100399993086,"['sleepEfficiency', 'awakening', 'totalSleepTime', 'combined']"
dd705_00125,0.7808489799499512,0.32196226716041565,0.6689453125,0.4834984242916107,7.626255512237549,True,,,18,416da8454aba4a938316c8bb0ecd15e4,2021-10-15_00-19-43,1634246383,136.80304837226868,67793,crimv3srv041,10.141.0.35,136.80304837226868,0,18,"125_batch_size=64,bidirectional=False,dropout_inner_layers=0.17465,dropout_input_layers=0.85512,hidden_dim=1024,learning_rate=0.00010911,monitor=loss,num_layers=1,opt_step_size=15,shared_output_size=194,weight_decay=0.0069666",lstm,0.00010911247093397401,64,False,1,1024,loss,194,15,0.006966594905679602,0.8551220792766931,0.1746529987226083,"['sleepEfficiency', 'awakening', 'totalSleepTime', 'combined']"
dd705_00126,0.9993712306022644,0.3419348895549774,0.6774088740348816,0.51661217212677,7.126425266265869,True,,,17,907ecaa09d3d4a188ebcd442d4f8aa6d,2021-10-15_00-22-00,1634246520,130.62711429595947,83163,crimv3srv041,10.141.0.35,130.62711429595947,0,17,"126_batch_size=64,bidirectional=True,dropout_inner_layers=0.080722,dropout_input_layers=0.86599,hidden_dim=256,learning_rate=0.00034793,monitor=mcc,num_layers=1,opt_step_size=12,shared_output_size=206,weight_decay=0.00024616",lstm,0.00034792983014724844,64,True,1,256,mcc,206,12,0.0002461552238741934,0.8659941680240023,0.08072247421294543,"['sleepEfficiency', 'awakening', 'totalSleepTime', 'combined']"
dd705_00127,0.9144284725189209,0.36179718375205994,0.6725260615348816,0.537005603313446,6.088272571563721,True,,,10,5ae0341991144eeab5fb70213835fc22,2021-10-15_00-23-08,1634246588,63.71109938621521,98519,crimv3srv041,10.141.0.35,63.71109938621521,0,10,"127_batch_size=256,bidirectional=False,dropout_inner_layers=0.052929,dropout_input_layers=0.19796,hidden_dim=128,learning_rate=0.0031286,monitor=loss,num_layers=1,opt_step_size=12,shared_output_size=154,weight_decay=3.2608e-05",lstm,0.0031285686177071207,256,False,1,128,loss,154,12,3.260832748431503e-05,0.1979560063127791,0.05292882096295748,"['sleepEfficiency', 'awakening', 'totalSleepTime', 'combined']"
dd705_00128,1.0127477645874023,0.25088372826576233,0.6220703125,0.46030744910240173,11.327153205871582,True,,,23,2cb2c978aeac4de58374159636c17b40,2021-10-15_00-27-24,1634246844,250.89023852348328,107138,crimv3srv041,10.141.0.35,250.89023852348328,0,23,"128_batch_size=32,bidirectional=False,dropout_inner_layers=0.63396,dropout_input_layers=0.16384,hidden_dim=1024,learning_rate=0.00015829,monitor=mcc,num_layers=1,opt_step_size=16,shared_output_size=226,weight_decay=0.00021972",lstm,0.00015829482447089066,32,False,1,1024,mcc,226,16,0.00021971969818265216,0.1638385381439963,0.6339552176495405,"['sleepEfficiency', 'awakening', 'totalSleepTime', 'combined']"
dd705_00129,0.8460857272148132,0.0,0.6223958134651184,0.2531925439834595,9.83154034614563,True,,,6,080ffa9f25124852bc4a23570c283beb,2021-10-15_00-28-37,1634246917,67.24090600013733,127563,crimv3srv041,10.141.0.35,67.24090600013733,0,6,"129_batch_size=32,bidirectional=True,dropout_inner_layers=0.93824,dropout_input_layers=0.50342,hidden_dim=32,learning_rate=0.018464,monitor=mcc,num_layers=1,opt_step_size=16,shared_output_size=227,weight_decay=5.1511e-05",lstm,0.018463514592929765,32,True,1,32,mcc,227,16,5.151128212829719e-05,0.5034169058565452,0.9382367675848097,"['sleepEfficiency', 'awakening', 'totalSleepTime', 'combined']"
dd705_00130,0.9915420413017273,0.2820209860801697,0.6484375,0.449433296918869,10.824650049209595,True,,,27,ed158afa97be4ddc96f18190fa8e7c10,2021-10-15_00-33-36,1634247216,294.1360249519348,133005,crimv3srv041,10.141.0.35,294.1360249519348,0,27,"130_batch_size=32,bidirectional=True,dropout_inner_layers=0.39248,dropout_input_layers=0.32397,hidden_dim=1024,learning_rate=0.00010845,monitor=mcc,num_layers=2,opt_step_size=12,shared_output_size=112,weight_decay=7.7949e-05",lstm,0.00010845109653882871,32,True,2,1024,mcc,112,12,7.794905057601998e-05,0.3239714733189696,0.3924753005043383,"['sleepEfficiency', 'awakening', 'totalSleepTime', 'combined']"
dd705_00131,0.7432365417480469,0.08617322891950607,0.6416015625,0.3250617980957031,5.883488416671753,True,,,100,03d817e6a18a4f66ab9c02750bb9d66c,2021-10-15_00-43-54,1634247834,613.4549624919891,156803,crimv3srv041,10.141.0.35,613.4549624919891,0,100,"131_batch_size=128,bidirectional=False,dropout_inner_layers=0.47492,dropout_input_layers=0.92194,hidden_dim=256,learning_rate=1.9055e-05,monitor=loss,num_layers=1,opt_step_size=15,shared_output_size=144,weight_decay=1.2685e-05",lstm,1.9054739467109945e-05,128,False,1,256,loss,144,15,1.2684961138723542e-05,0.9219410015261122,0.4749166869948578,"['sleepEfficiency', 'awakening', 'totalSleepTime', 'combined']"
dd705_00132,0.7855531573295593,0.30381688475608826,0.6656901240348816,0.4743809998035431,6.071345806121826,True,,,17,7c6522f252d6421a90d352df1888c242,2021-10-15_00-45-46,1634247946,107.22111797332764,243192,crimv3srv041,10.141.0.35,107.22111797332764,0,17,"132_batch_size=128,bidirectional=True,dropout_inner_layers=0.066195,dropout_input_layers=0.22782,hidden_dim=512,learning_rate=0.00021723,monitor=loss,num_layers=1,opt_step_size=16,shared_output_size=44,weight_decay=8.5932e-05",lstm,0.00021723356257830057,128,True,1,512,loss,44,16,8.593241018375835e-05,0.227819917219809,0.06619486539749153,"['sleepEfficiency', 'awakening', 'totalSleepTime', 'combined']"
dd705_00133,0.8038225769996643,0.3040887415409088,0.6552734375,0.45186400413513184,5.66251540184021,True,,,9,4257e3966ad2438ba49635e155fe28e5,2021-10-15_00-46-50,1634248010,58.76256728172302,258395,crimv3srv041,10.141.0.35,58.76256728172302,0,9,"133_batch_size=256,bidirectional=False,dropout_inner_layers=0.37485,dropout_input_layers=0.097708,hidden_dim=128,learning_rate=0.0033246,monitor=loss,num_layers=2,opt_step_size=19,shared_output_size=9,weight_decay=5.3546e-05",lstm,0.003324643159576912,256,False,2,128,loss,9,19,5.354602680037285e-05,0.09770808579644696,0.37485444999099027,"['sleepEfficiency', 'awakening', 'totalSleepTime', 'combined']"
dd705_00134,1.044033408164978,0.26276347041130066,0.6484375,0.4301716387271881,6.183101415634155,True,,,12,2f2d29fcdace44bb926681d7401f81c8,2021-10-15_00-48-11,1634248091,76.09323072433472,266242,crimv3srv041,10.141.0.35,76.09323072433472,0,12,"134_batch_size=256,bidirectional=False,dropout_inner_layers=0.35045,dropout_input_layers=0.30779,hidden_dim=128,learning_rate=0.0020267,monitor=mcc,num_layers=2,opt_step_size=13,shared_output_size=210,weight_decay=3.8211e-05",lstm,0.002026662706727081,256,False,2,128,mcc,210,13,3.8211446825174344e-05,0.30779079673740795,0.3504509137489388,"['sleepEfficiency', 'awakening', 'totalSleepTime', 'combined']"
dd705_00135,0.7608988881111145,0.09612877666950226,0.6207682490348816,0.33468106389045715,5.438235521316528,True,,,30,da261c9fd2b740018a599f93b5cb1efc,2021-10-15_00-51-17,1634248277,179.55641078948975,276459,crimv3srv041,10.141.0.35,179.55641078948975,0,30,"135_batch_size=256,bidirectional=True,dropout_inner_layers=0.60029,dropout_input_layers=0.035755,hidden_dim=256,learning_rate=0.00013675,monitor=loss,num_layers=1,opt_step_size=8,shared_output_size=80,weight_decay=2.3291e-05",lstm,0.00013675447584321482,256,True,1,256,loss,80,8,2.3290860539328136e-05,0.035755450571846925,0.6002932844797818,"['sleepEfficiency', 'awakening', 'totalSleepTime', 'combined']"
dd705_00136,0.8143713474273682,0.27085328102111816,0.6373698115348816,0.4304480254650116,11.303515195846558,True,,,9,2603b550a9fe4e67a50eb8c7274d1e63,2021-10-15_00-53-05,1634248385,103.93780469894409,301494,crimv3srv041,10.141.0.35,103.93780469894409,0,9,"136_batch_size=32,bidirectional=True,dropout_inner_layers=0.65614,dropout_input_layers=0.55504,hidden_dim=256,learning_rate=0.0006332,monitor=loss,num_layers=1,opt_step_size=19,shared_output_size=251,weight_decay=0.0057395",lstm,0.0006331996976204264,32,True,1,256,loss,251,19,0.00573950959951507,0.5550379260764323,0.6561409636077016,"['sleepEfficiency', 'awakening', 'totalSleepTime', 'combined']"
dd705_00137,1.030587911605835,0.0,0.48828125,0.20609202980995178,7.673879623413086,True,,,6,343d5fda85f841768666a69e258f5948,2021-10-15_00-53-59,1634248439,49.17181134223938,309825,crimv3srv041,10.141.0.35,49.17181134223938,0,6,"137_batch_size=64,bidirectional=False,dropout_inner_layers=0.39279,dropout_input_layers=0.64487,hidden_dim=1024,learning_rate=1.3761e-05,monitor=mcc,num_layers=2,opt_step_size=12,shared_output_size=242,weight_decay=0.00046446",lstm,1.376140529936254e-05,64,False,2,1024,mcc,242,12,0.0004644593141492221,0.6448679024966868,0.39278551819349905,"['sleepEfficiency', 'awakening', 'totalSleepTime', 'combined']"
dd705_00138,0.7800018787384033,0.19797176122665405,0.642578125,0.35637786984443665,9.894176244735718,True,,,17,e9928ee5b3d24851b222aa149293f3ad,2021-10-15_00-57-01,1634248621,178.90600085258484,315675,crimv3srv041,10.141.0.35,178.90600085258484,0,17,"138_batch_size=32,bidirectional=False,dropout_inner_layers=0.78167,dropout_input_layers=0.41503,hidden_dim=128,learning_rate=0.00011058,monitor=loss,num_layers=2,opt_step_size=19,shared_output_size=84,weight_decay=0.00028537",lstm,0.00011057966882233286,32,False,2,128,loss,84,19,0.00028537386576295867,0.41502513684140985,0.781672404214171,"['sleepEfficiency', 'awakening', 'totalSleepTime', 'combined']"
dd705_00139,0.8119821548461914,0.08305137604475021,0.638671875,0.3015659749507904,5.458526849746704,True,,,13,2ef02412aab441a398f1cd98c85bb129,2021-10-15_00-58-27,1634248707,81.76153707504272,331122,crimv3srv041,10.141.0.35,81.76153707504272,0,13,"139_batch_size=256,bidirectional=True,dropout_inner_layers=0.81511,dropout_input_layers=0.24251,hidden_dim=512,learning_rate=0.00025569,monitor=loss,num_layers=2,opt_step_size=1,shared_output_size=228,weight_decay=5.7618e-05",lstm,0.00025568614331933663,256,True,2,512,loss,228,1,5.761825134613226e-05,0.24251186820042658,0.8151141120047569,"['sleepEfficiency', 'awakening', 'totalSleepTime', 'combined']"
dd705_00140,0.8493955135345459,0.0,0.6223958134651184,0.2531925439834595,11.423312902450562,True,,,6,ffdfac86e6864f26a1ab9ee89202a0d0,2021-10-15_00-59-41,1634248781,69.0709536075592,342158,crimv3srv041,10.141.0.35,69.0709536075592,0,6,"140_batch_size=32,bidirectional=True,dropout_inner_layers=0.7581,dropout_input_layers=0.76749,hidden_dim=512,learning_rate=0.096952,monitor=mcc,num_layers=2,opt_step_size=15,shared_output_size=142,weight_decay=0.0078356",lstm,0.09695239931224071,32,True,2,512,mcc,142,15,0.007835613136668954,0.7674930049618264,0.7581048436811518,"['sleepEfficiency', 'awakening', 'totalSleepTime', 'combined']"
dd705_00141,0.8904407024383545,0.3126159906387329,0.6604817509651184,0.4934645891189575,7.428251504898071,True,,,9,a84d92484e5d440e80d6343b3c3b52fa,2021-10-15_01-00-58,1634248858,72.07420825958252,347628,crimv3srv041,10.141.0.35,72.07420825958252,0,9,"141_batch_size=64,bidirectional=True,dropout_inner_layers=0.24794,dropout_input_layers=0.27016,hidden_dim=128,learning_rate=0.00089778,monitor=loss,num_layers=2,opt_step_size=2,shared_output_size=226,weight_decay=0.00079349",lstm,0.000897777840670077,64,True,2,128,loss,226,2,0.0007934901568894768,0.270160698947454,0.24793917670957966,"['sleepEfficiency', 'awakening', 'totalSleepTime', 'combined']"
dd705_00142,0.777234673500061,0.0,0.6223958134651184,0.2531925439834595,5.888844013214111,True,,,16,9af62b34aa314feb97ad5b41782af1dc,2021-10-15_01-02-42,1634248962,99.68080806732178,356355,crimv3srv041,10.141.0.35,99.68080806732178,0,16,"142_batch_size=128,bidirectional=True,dropout_inner_layers=0.86522,dropout_input_layers=0.99312,hidden_dim=64,learning_rate=0.00051744,monitor=mcc,num_layers=1,opt_step_size=3,shared_output_size=15,weight_decay=1.1354e-05",lstm,0.0005174413193747967,128,True,1,64,mcc,15,3,1.1354213885677668e-05,0.9931175282882748,0.8652246344695845,"['sleepEfficiency', 'awakening', 'totalSleepTime', 'combined']"
dd705_00143,0.9745975732803345,0.2632412314414978,0.638671875,0.4672717750072479,5.826844692230225,True,,,14,0c9e563ab5f249eaa36bc3bb41a3d703,2021-10-15_01-04-15,1634249055,87.86099100112915,369945,crimv3srv041,10.141.0.35,87.86099100112915,0,14,"143_batch_size=256,bidirectional=False,dropout_inner_layers=0.59903,dropout_input_layers=0.89557,hidden_dim=32,learning_rate=0.0016393,monitor=mcc,num_layers=2,opt_step_size=8,shared_output_size=243,weight_decay=0.0039691",lstm,0.0016392680377328593,256,False,2,32,mcc,243,8,0.0039691296652382855,0.895572133377934,0.5990280107981187,"['sleepEfficiency', 'awakening', 'totalSleepTime', 'combined']"
dd705_00144,0.7841328978538513,0.0,0.6223958134651184,0.2531925439834595,11.119780778884888,True,,,100,ac843500721746239b0f9b85279b5d05,2021-10-15_01-22-34,1634250154,1094.1277844905853,382535,crimv3srv041,10.141.0.35,1094.1277844905853,0,100,"144_batch_size=32,bidirectional=False,dropout_inner_layers=0.68355,dropout_input_layers=0.54942,hidden_dim=64,learning_rate=5.1533e-06,monitor=loss,num_layers=1,opt_step_size=4,shared_output_size=73,weight_decay=0.00019426",lstm,5.1532573366941694e-06,32,False,1,64,loss,73,4,0.00019426052980246777,0.549419359795742,0.6835488831150343,"['sleepEfficiency', 'awakening', 'totalSleepTime', 'combined']"
dd705_00145,0.8193440437316895,0.34104248881340027,0.6735026240348816,0.5168561935424805,10.206153631210327,True,,,9,16284d93ad564049a89810297ef4245f,2021-10-15_01-24-20,1634250260,100.46291637420654,9667,crimv3srv041,10.141.0.35,100.46291637420654,0,9,"145_batch_size=32,bidirectional=True,dropout_inner_layers=0.35439,dropout_input_layers=0.44231,hidden_dim=64,learning_rate=0.00077961,monitor=mcc,num_layers=1,opt_step_size=18,shared_output_size=46,weight_decay=2.1919e-05",lstm,0.0007796057229738072,32,True,1,64,mcc,46,18,2.1919345547767498e-05,0.4423051569955845,0.3543855371193565,"['sleepEfficiency', 'awakening', 'totalSleepTime', 'combined']"
dd705_00146,0.8876690864562988,0.3274647295475006,0.6708984375,0.49909067153930664,5.823434829711914,True,,,9,692b421f256f4a6db08e94e206b8d863,2021-10-15_01-25-24,1634250324,59.058164834976196,18355,crimv3srv041,10.141.0.35,59.058164834976196,0,9,"146_batch_size=128,bidirectional=True,dropout_inner_layers=0.20205,dropout_input_layers=0.27665,hidden_dim=256,learning_rate=0.0011753,monitor=loss,num_layers=2,opt_step_size=15,shared_output_size=98,weight_decay=0.0013709",lstm,0.0011753323633750137,128,True,2,256,loss,98,15,0.0013708593048661372,0.2766461303476484,0.20204610393368416,"['sleepEfficiency', 'awakening', 'totalSleepTime', 'combined']"
dd705_00147,0.7970045804977417,0.23094840347766876,0.638671875,0.3719191253185272,10.834529161453247,True,,,11,534b1065b86d43b3b78713ef65ec9cf5,2021-10-15_01-27-32,1634250452,123.73536539077759,27177,crimv3srv041,10.141.0.35,123.73536539077759,0,11,"147_batch_size=32,bidirectional=False,dropout_inner_layers=0.72933,dropout_input_layers=0.28273,hidden_dim=256,learning_rate=0.00025814,monitor=loss,num_layers=1,opt_step_size=19,shared_output_size=60,weight_decay=0.0003606",lstm,0.00025813824157301207,32,False,1,256,loss,60,19,0.00036059642560227665,0.2827341521770198,0.7293284876678455,"['sleepEfficiency', 'awakening', 'totalSleepTime', 'combined']"
dd705_00148,0.8424878716468811,0.0,0.6223958134651184,0.2531925439834595,7.106764554977417,True,,,9,9d58587600234ec19f64ad74dfa7424c,2021-10-15_01-28-48,1634250528,70.65916609764099,37510,crimv3srv041,10.141.0.35,70.65916609764099,0,9,"148_batch_size=64,bidirectional=True,dropout_inner_layers=0.62582,dropout_input_layers=0.35929,hidden_dim=64,learning_rate=0.025652,monitor=loss,num_layers=1,opt_step_size=1,shared_output_size=25,weight_decay=3.9852e-05",lstm,0.025651817905010525,64,True,1,64,loss,25,1,3.9851863064541406e-05,0.3592942440406136,0.6258200214540357,"['sleepEfficiency', 'awakening', 'totalSleepTime', 'combined']"
dd705_00149,0.7426734566688538,0.27705636620521545,0.6604817509651184,0.4431360065937042,5.795406103134155,True,,,60,7881ea39d9784b5b9d62c04aa5e1f57d,2021-10-15_01-34-58,1634250898,364.6378517150879,45479,crimv3srv041,10.141.0.35,364.6378517150879,0,60,"149_batch_size=128,bidirectional=False,dropout_inner_layers=0.36538,dropout_input_layers=0.29541,hidden_dim=64,learning_rate=5.093e-05,monitor=loss,num_layers=1,opt_step_size=19,shared_output_size=11,weight_decay=0.00044737",lstm,5.093034654304327e-05,128,False,1,64,loss,11,19,0.0004473730453294243,0.2954136549412322,0.36537865738480024,"['sleepEfficiency', 'awakening', 'totalSleepTime', 'combined']"
dd705_00150,0.8432226181030273,0.0,0.6223958134651184,0.2531925439834595,7.254694700241089,True,,,11,a50b3ed84b2b420b9dd9bfadb192e573,2021-10-15_01-36-29,1634250989,86.24064517021179,96089,crimv3srv041,10.141.0.35,86.24064517021179,0,11,"150_batch_size=64,bidirectional=False,dropout_inner_layers=0.77123,dropout_input_layers=0.96355,hidden_dim=512,learning_rate=0.030417,monitor=loss,num_layers=1,opt_step_size=9,shared_output_size=230,weight_decay=0.0049823",lstm,0.030417011121201237,64,False,1,512,loss,230,9,0.004982333463638358,0.9635478131277034,0.7712298816853241,"['sleepEfficiency', 'awakening', 'totalSleepTime', 'combined']"
dd705_00151,0.9361792206764221,0.0,0.4772135317325592,0.19772139191627502,5.717979192733765,True,,,6,011504a782664f26bd7795b5f2fb3b24,2021-10-15_01-37-14,1634251034,40.7348358631134,106259,crimv3srv041,10.141.0.35,40.7348358631134,0,6,"151_batch_size=256,bidirectional=False,dropout_inner_layers=0.78415,dropout_input_layers=0.9257,hidden_dim=128,learning_rate=0.0001904,monitor=mcc,num_layers=1,opt_step_size=3,shared_output_size=193,weight_decay=4.5436e-05",lstm,0.00019040441163846388,256,False,1,128,mcc,193,3,4.543643886906789e-05,0.9256963408271387,0.7841532670253473,"['sleepEfficiency', 'awakening', 'totalSleepTime', 'combined']"
dd705_00152,0.7887862920761108,0.22275210916996002,0.6396484375,0.36973947286605835,6.278608083724976,True,,,10,9b88f9c00b704acfa504d7c277f766af,2021-10-15_01-38-22,1634251102,65.97403764724731,111762,crimv3srv041,10.141.0.35,65.97403764724731,0,10,"152_batch_size=128,bidirectional=True,dropout_inner_layers=0.79619,dropout_input_layers=0.15435,hidden_dim=1024,learning_rate=0.0011256,monitor=loss,num_layers=1,opt_step_size=6,shared_output_size=66,weight_decay=7.8863e-05",lstm,0.0011256003286100168,128,True,1,1024,loss,66,6,7.88628668785851e-05,0.15434943147681035,0.7961918516299608,"['sleepEfficiency', 'awakening', 'totalSleepTime', 'combined']"
