trial_id,loss,mcc,acc,macroF1,time_this_iter_s,done,timesteps_total,episodes_total,training_iteration,experiment_id,date,timestamp,time_total_s,pid,hostname,node_ip,time_since_restore,timesteps_since_restore,iterations_since_restore,experiment_tag,config.structure,config.learning_rate,config.batch_size,config.bidirectional,config.num_layers,config.hidden_dim,config.monitor,config.shared_output_size,config.opt_step_size,config.weight_decay,config.dropout_input_layers,config.dropout_inner_layers,config.sleep_metrics
b124b_00000,0.9570522308349609,0.0,0.6223958134651184,0.2531925439834595,5.034810781478882,True,,,100,af707f21399c403da2742a54a09faf8b,2021-10-11_22-03-21,1633979001,516.5203292369843,42130,crimv3srv041,10.141.0.35,516.5203292369843,0,100,"0_batch_size=64,bidirectional=True,dropout_inner_layers=0.2481,dropout_input_layers=0.41851,hidden_dim=32,learning_rate=1.1269e-06,monitor=loss,num_layers=1,opt_step_size=2,shared_output_size=128,weight_decay=4.5256e-05",cnnlstm,1.1268620922535336e-06,64,True,1,32,loss,128,2,4.5255985530599084e-05,0.41850818051045247,0.24810116841355911,"['sleepEfficiency', 'awakening', 'totalSleepTime', 'combined']"
b124b_00001,1.1152853965759277,0.0,0.1865234375,0.0947640985250473,4.387381076812744,True,,,6,2cacc8f91c264e02afd5a110fc4162e6,2021-10-11_22-03-58,1633979038,32.900492906570435,144357,crimv3srv041,10.141.0.35,32.900492906570435,0,6,"1_batch_size=128,bidirectional=False,dropout_inner_layers=0.95096,dropout_input_layers=0.87856,hidden_dim=128,learning_rate=2.6321e-06,monitor=mcc,num_layers=1,opt_step_size=2,shared_output_size=93,weight_decay=3.1647e-05",cnnlstm,2.6320749736273015e-06,128,False,1,128,mcc,93,2,3.1646744413349114e-05,0.878559085532659,0.9509640316267165,"['sleepEfficiency', 'awakening', 'totalSleepTime', 'combined']"
b124b_00002,1.1317203044891357,0.0,0.1630859375,0.08680989593267441,6.969515085220337,True,,,6,42f5ea7118474157a7aa44db64a526ea,2021-10-11_22-04-48,1633979088,47.71559929847717,150038,crimv3srv041,10.141.0.35,47.71559929847717,0,6,"2_batch_size=32,bidirectional=True,dropout_inner_layers=0.54784,dropout_input_layers=0.6669,hidden_dim=256,learning_rate=1.5622e-06,monitor=mcc,num_layers=2,opt_step_size=11,shared_output_size=186,weight_decay=0.0049433",cnnlstm,1.5622188693842582e-06,32,True,2,256,mcc,186,11,0.004943349933141232,0.6668989729196366,0.5478377830464816,"['sleepEfficiency', 'awakening', 'totalSleepTime', 'combined']"
b124b_00003,0.867466926574707,0.33481472730636597,0.6516926884651184,0.48921677470207214,6.850862979888916,True,,,18,0288e10389864b9d97e68eabfa0f51fa,2021-10-11_22-07-00,1633979220,127.69011449813843,157497,crimv3srv041,10.141.0.35,127.69011449813843,0,18,"3_batch_size=32,bidirectional=True,dropout_inner_layers=0.46567,dropout_input_layers=0.82487,hidden_dim=128,learning_rate=0.0032519,monitor=mcc,num_layers=1,opt_step_size=12,shared_output_size=229,weight_decay=0.0012115",cnnlstm,0.0032518995380974173,32,True,1,128,mcc,229,12,0.0012114793986107313,0.8248704645005481,0.46566847536726585,"['sleepEfficiency', 'awakening', 'totalSleepTime', 'combined']"
b124b_00004,0.8371961712837219,0.0,0.6223958134651184,0.2531925439834595,4.629574775695801,True,,,8,353fbc7e9d4b44a0b440b95444ea98a2,2021-10-11_22-07-47,1633979267,43.26649284362793,177890,crimv3srv041,10.141.0.35,43.26649284362793,0,8,"4_batch_size=128,bidirectional=False,dropout_inner_layers=0.52108,dropout_input_layers=0.16964,hidden_dim=64,learning_rate=0.050422,monitor=loss,num_layers=1,opt_step_size=9,shared_output_size=193,weight_decay=0.0089141",cnnlstm,0.050422229829618456,128,False,1,64,loss,193,9,0.008914104985655112,0.1696362575837671,0.5210847114597973,"['sleepEfficiency', 'awakening', 'totalSleepTime', 'combined']"
b124b_00005,0.8441028594970703,0.0,0.6223958134651184,0.2531925439834595,4.850567579269409,True,,,7,3d59938d9bb647249fa2e55885a68e45,2021-10-11_22-08-31,1633979311,41.6754846572876,185722,crimv3srv041,10.141.0.35,41.6754846572876,0,7,"5_batch_size=64,bidirectional=False,dropout_inner_layers=0.24312,dropout_input_layers=0.18554,hidden_dim=256,learning_rate=0.053406,monitor=loss,num_layers=2,opt_step_size=19,shared_output_size=184,weight_decay=0.0081759",cnnlstm,0.053405635200435675,64,False,2,256,loss,184,19,0.008175946411773794,0.18554168693446071,0.2431156753134085,"['sleepEfficiency', 'awakening', 'totalSleepTime', 'combined']"
b124b_00006,0.8431721329689026,0.0,0.6223958134651184,0.2531925439834595,5.430449962615967,True,,,11,4faebe2546fd4c6a9b531fa4448b9876,2021-10-11_22-09-38,1633979378,63.153122901916504,193905,crimv3srv041,10.141.0.35,63.153122901916504,0,11,"6_batch_size=64,bidirectional=True,dropout_inner_layers=0.46353,dropout_input_layers=0.3469,hidden_dim=64,learning_rate=0.023281,monitor=loss,num_layers=1,opt_step_size=17,shared_output_size=186,weight_decay=0.0018829",cnnlstm,0.023281138555331107,64,True,1,64,loss,186,17,0.001882929069794358,0.3469019537755197,0.46353471398405754,"['sleepEfficiency', 'awakening', 'totalSleepTime', 'combined']"
b124b_00007,0.8903008103370667,0.0,0.6223958134651184,0.2531925439834595,4.671298265457153,True,,,11,2ca2b9d401774e47a10bd377e8c7ba07,2021-10-11_22-10-41,1633979441,59.359692335128784,206389,crimv3srv041,10.141.0.35,59.359692335128784,0,11,"7_batch_size=256,bidirectional=False,dropout_inner_layers=0.97872,dropout_input_layers=0.89892,hidden_dim=256,learning_rate=0.001129,monitor=loss,num_layers=1,opt_step_size=9,shared_output_size=134,weight_decay=2.6331e-05",cnnlstm,0.0011289863841006823,256,False,1,256,loss,134,9,2.6331432971339587e-05,0.8989229937673232,0.978719518984546,"['sleepEfficiency', 'awakening', 'totalSleepTime', 'combined']"
b124b_00008,0.8447722792625427,0.0,0.6223958134651184,0.2531925439834595,11.27222490310669,True,,,6,9c70a30586ff46369a1ba9e114efb8b3,2021-10-11_22-12-02,1633979522,77.28880906105042,217461,crimv3srv041,10.141.0.35,77.28880906105042,0,6,"8_batch_size=32,bidirectional=True,dropout_inner_layers=0.64712,dropout_input_layers=0.039455,hidden_dim=1024,learning_rate=0.044534,monitor=mcc,num_layers=2,opt_step_size=19,shared_output_size=201,weight_decay=0.0059649",cnnlstm,0.04453377053069205,32,True,2,1024,mcc,201,19,0.0059648596830554935,0.03945481767426706,0.6471167135451114,"['sleepEfficiency', 'awakening', 'totalSleepTime', 'combined']"
b124b_00009,0.7017046809196472,0.3618741035461426,0.6783854365348816,0.4975866973400116,6.724607944488525,True,,,25,937a8472943d470c9c2ab25b4464c440,2021-10-11_22-15-13,1633979713,186.85770988464355,224742,crimv3srv041,10.141.0.35,186.85770988464355,0,25,"9_batch_size=32,bidirectional=False,dropout_inner_layers=0.23961,dropout_input_layers=0.67371,hidden_dim=512,learning_rate=0.0015498,monitor=loss,num_layers=2,opt_step_size=15,shared_output_size=100,weight_decay=0.00016227",cnnlstm,0.0015497795417655797,32,False,2,512,loss,100,15,0.0001622747930594793,0.6737143186444894,0.2396081670712522,"['sleepEfficiency', 'awakening', 'totalSleepTime', 'combined']"
b124b_00010,0.8936299085617065,0.23530752956867218,0.6295573115348816,0.3677403926849365,7.0165112018585205,True,,,32,cba359a2b8664a0cb8be0021c9f90faf,2021-10-11_22-19-26,1633979966,248.65761423110962,253130,crimv3srv041,10.141.0.35,248.65761423110962,0,32,"10_batch_size=32,bidirectional=False,dropout_inner_layers=0.87012,dropout_input_layers=0.63557,hidden_dim=1024,learning_rate=7.7144e-06,monitor=loss,num_layers=1,opt_step_size=3,shared_output_size=226,weight_decay=1.6228e-05",cnnlstm,7.714392944253698e-06,32,False,1,1024,loss,226,3,1.6227688920677303e-05,0.635572831962246,0.8701190031896262,"['sleepEfficiency', 'awakening', 'totalSleepTime', 'combined']"
b124b_00011,0.7430741190910339,0.197335883975029,0.6455078125,0.3441754877567291,4.85129976272583,True,,,41,7d9f6b39513d47ce8e69a3099649fd12,2021-10-11_22-22-59,1633980179,209.5849723815918,288212,crimv3srv041,10.141.0.35,209.5849723815918,0,41,"11_batch_size=256,bidirectional=True,dropout_inner_layers=0.37512,dropout_input_layers=0.022867,hidden_dim=128,learning_rate=5.9052e-05,monitor=loss,num_layers=1,opt_step_size=1,shared_output_size=201,weight_decay=0.0053509",cnnlstm,5.9051664422223445e-05,256,True,1,128,loss,201,1,0.0053509220915861485,0.022866949969676864,0.3751227624957739,"['sleepEfficiency', 'awakening', 'totalSleepTime', 'combined']"
b124b_00012,0.8051424622535706,-0.0018699932843446732,0.6145833134651184,0.26420536637306213,4.966934680938721,True,,,100,cbe6e247ac874878b32c4696ec804d66,2021-10-11_22-31-27,1633980687,504.34010195732117,328511,crimv3srv041,10.141.0.35,504.34010195732117,0,100,"12_batch_size=128,bidirectional=True,dropout_inner_layers=0.41435,dropout_input_layers=0.49814,hidden_dim=32,learning_rate=9.9579e-06,monitor=loss,num_layers=2,opt_step_size=2,shared_output_size=120,weight_decay=0.00021495",cnnlstm,9.957874378938733e-06,128,True,2,32,loss,120,2,0.0002149497206948265,0.49813961036179266,0.41434632479962163,"['sleepEfficiency', 'awakening', 'totalSleepTime', 'combined']"
b124b_00013,1.0994594097137451,0.0,0.2360026091337204,0.11691847443580627,4.838255167007446,True,,,6,12b4b46a460d41bcacddce35ff228131,2021-10-11_22-32-07,1633980727,36.06060004234314,429741,crimv3srv041,10.141.0.35,36.06060004234314,0,6,"13_batch_size=128,bidirectional=False,dropout_inner_layers=0.83635,dropout_input_layers=0.51951,hidden_dim=512,learning_rate=1.1784e-05,monitor=mcc,num_layers=1,opt_step_size=17,shared_output_size=87,weight_decay=0.00035797",cnnlstm,1.1783649454303449e-05,128,False,1,512,mcc,87,17,0.0003579654474243257,0.5195139615528149,0.8363517261619613,"['sleepEfficiency', 'awakening', 'totalSleepTime', 'combined']"
b124b_00014,1.1471247673034668,0.0,0.2141927033662796,0.11089102923870087,5.159979581832886,True,,,100,02f58cf6ba9743ef9b70519eef23bf01,2021-10-11_22-40-36,1633981236,506.81060552597046,436420,crimv3srv041,10.141.0.35,506.81060552597046,0,100,"14_batch_size=256,bidirectional=True,dropout_inner_layers=0.14679,dropout_input_layers=0.13493,hidden_dim=32,learning_rate=1.0983e-06,monitor=loss,num_layers=2,opt_step_size=13,shared_output_size=104,weight_decay=0.00052963",cnnlstm,1.098310725843565e-06,256,True,2,32,loss,104,13,0.0005296331369759431,0.1349277444379824,0.14678823181091394,"['sleepEfficiency', 'awakening', 'totalSleepTime', 'combined']"
b124b_00015,1.1225041151046753,0.0,0.2428385466337204,0.11038456112146378,5.1651997566223145,True,,,6,e762ab029b884cd2923320f5b978f6a3,2021-10-11_22-41-15,1633981275,34.448858976364136,76902,crimv3srv041,10.141.0.35,34.448858976364136,0,6,"15_batch_size=128,bidirectional=True,dropout_inner_layers=0.78792,dropout_input_layers=0.56825,hidden_dim=64,learning_rate=1.8699e-06,monitor=mcc,num_layers=1,opt_step_size=4,shared_output_size=245,weight_decay=0.0014112",cnnlstm,1.8698952046608086e-06,128,True,1,64,mcc,245,4,0.0014112337678149004,0.5682485862311178,0.7879243948259242,"['sleepEfficiency', 'awakening', 'totalSleepTime', 'combined']"
b124b_00016,0.8450270891189575,0.0,0.6223958134651184,0.2531925439834595,4.58128023147583,True,,,6,301a9d7481924608bf7e561b463b5355,2021-10-11_22-41-51,1633981311,33.721091747283936,83775,crimv3srv041,10.141.0.35,33.721091747283936,0,6,"16_batch_size=256,bidirectional=True,dropout_inner_layers=0.14924,dropout_input_layers=0.69998,hidden_dim=32,learning_rate=0.091112,monitor=mcc,num_layers=1,opt_step_size=8,shared_output_size=211,weight_decay=6.9874e-05",cnnlstm,0.09111245566046482,256,True,1,32,mcc,211,8,6.987355529418901e-05,0.6999808958962674,0.14923920953342074,"['sleepEfficiency', 'awakening', 'totalSleepTime', 'combined']"
b124b_00017,0.7187008261680603,0.2873120605945587,0.6614583134651184,0.39307063817977905,5.602468013763428,True,,,19,069346b7a5c942da90fac73e81ac2670,2021-10-11_22-43-42,1633981422,107.93637824058533,89478,crimv3srv041,10.141.0.35,107.93637824058533,0,19,"17_batch_size=64,bidirectional=True,dropout_inner_layers=0.59236,dropout_input_layers=0.35446,hidden_dim=128,learning_rate=0.011545,monitor=loss,num_layers=2,opt_step_size=17,shared_output_size=228,weight_decay=0.0032322",cnnlstm,0.011545483416634089,64,True,2,128,loss,228,17,0.0032321614038338725,0.3544573619314896,0.592360807642609,"['sleepEfficiency', 'awakening', 'totalSleepTime', 'combined']"
b124b_00018,1.0314805507659912,-0.02055511809885502,0.4420572817325592,0.22364118695259094,5.434602499008179,True,,,100,f0482933f5f949808bbf2b0f1db0167d,2021-10-11_22-53-04,1633981984,557.9266707897186,109867,crimv3srv041,10.141.0.35,557.9266707897186,0,100,"18_batch_size=256,bidirectional=True,dropout_inner_layers=0.13354,dropout_input_layers=0.51746,hidden_dim=512,learning_rate=1.0875e-06,monitor=loss,num_layers=1,opt_step_size=11,shared_output_size=20,weight_decay=0.0056439",cnnlstm,1.0874987508639042e-06,256,True,1,512,loss,20,11,0.005643884512778675,0.5174602417688304,0.13353967592343363,"['sleepEfficiency', 'awakening', 'totalSleepTime', 'combined']"
b124b_00019,0.92410808801651,0.0,0.6223958134651184,0.2531925439834595,7.359679698944092,True,,,10,2a694653749747da9ebd14db2630dfb9,2021-10-11_22-54-36,1633982076,87.9871232509613,208356,crimv3srv041,10.141.0.35,87.9871232509613,0,10,"19_batch_size=64,bidirectional=True,dropout_inner_layers=0.57583,dropout_input_layers=0.26102,hidden_dim=1024,learning_rate=3.6536e-06,monitor=mcc,num_layers=2,opt_step_size=18,shared_output_size=87,weight_decay=0.00043473",cnnlstm,3.653554332799661e-06,64,True,2,1024,mcc,87,18,0.0004347346030564226,0.26101658314752796,0.5758255178198639,"['sleepEfficiency', 'awakening', 'totalSleepTime', 'combined']"
b124b_00020,0.8723171949386597,0.0,0.6223958134651184,0.2531925439834595,6.770620346069336,True,,,9,e60a29fbf57543398a0fc1711b86e0ca,2021-10-11_22-55-47,1633982147,66.92966628074646,220939,crimv3srv041,10.141.0.35,66.92966628074646,0,9,"20_batch_size=32,bidirectional=False,dropout_inner_layers=0.52031,dropout_input_layers=0.96516,hidden_dim=256,learning_rate=3.7091e-05,monitor=mcc,num_layers=2,opt_step_size=10,shared_output_size=44,weight_decay=0.00030149",cnnlstm,3.709052954955428e-05,32,False,2,256,mcc,44,10,0.000301489474786139,0.9651581834600466,0.5203119444971533,"['sleepEfficiency', 'awakening', 'totalSleepTime', 'combined']"
b124b_00021,0.844334602355957,0.0,0.6223958134651184,0.2531925439834595,6.509215354919434,True,,,6,108afddbd5ba41d2a8d4767e76f6cf3e,2021-10-11_22-56-37,1633982197,45.5090913772583,230460,crimv3srv041,10.141.0.35,45.5090913772583,0,6,"21_batch_size=32,bidirectional=False,dropout_inner_layers=0.84494,dropout_input_layers=0.57041,hidden_dim=512,learning_rate=0.032742,monitor=mcc,num_layers=1,opt_step_size=3,shared_output_size=31,weight_decay=1.103e-05",cnnlstm,0.032742209084671056,32,False,1,512,mcc,31,3,1.1030290838686267e-05,0.5704137147446832,0.8449433823912905,"['sleepEfficiency', 'awakening', 'totalSleepTime', 'combined']"
b124b_00022,1.0848288536071777,0.0,0.5026041865348816,0.21314303576946259,5.390077590942383,True,,,6,e7025fa4ad8f4f2786b2cd5e051a6339,2021-10-11_22-57-17,1633982237,37.8733594417572,237662,crimv3srv041,10.141.0.35,37.8733594417572,0,6,"22_batch_size=64,bidirectional=True,dropout_inner_layers=0.73257,dropout_input_layers=0.81197,hidden_dim=256,learning_rate=2.408e-06,monitor=mcc,num_layers=2,opt_step_size=3,shared_output_size=223,weight_decay=0.0018687",cnnlstm,2.4080024047740317e-06,64,True,2,256,mcc,223,3,0.0018687398807117584,0.8119711282584908,0.7325650957767226,"['sleepEfficiency', 'awakening', 'totalSleepTime', 'combined']"
b124b_00023,1.1009045839309692,0.007967193610966206,0.3893229067325592,0.1803268939256668,6.876285552978516,True,,,11,87d3769e64004c3c8d95250cdfb667ef,2021-10-11_22-58-43,1633982323,82.6155297756195,244455,crimv3srv041,10.141.0.35,82.6155297756195,0,11,"23_batch_size=32,bidirectional=False,dropout_inner_layers=0.30838,dropout_input_layers=0.96772,hidden_dim=1024,learning_rate=1.4764e-06,monitor=mcc,num_layers=1,opt_step_size=16,shared_output_size=253,weight_decay=0.00047924",cnnlstm,1.476449949804332e-06,32,False,1,1024,mcc,253,16,0.0004792442014624336,0.9677189597257391,0.3083843510756832,"['sleepEfficiency', 'awakening', 'totalSleepTime', 'combined']"
b124b_00024,0.7705878615379333,0.22676703333854675,0.6324869990348816,0.36781591176986694,6.557809114456177,True,,,24,00cee49133df46c6a0e9add8e4336988,2021-10-11_23-01-34,1633982494,167.20357370376587,256983,crimv3srv041,10.141.0.35,167.20357370376587,0,24,"24_batch_size=32,bidirectional=False,dropout_inner_layers=0.28323,dropout_input_layers=0.070743,hidden_dim=128,learning_rate=4.9482e-05,monitor=loss,num_layers=2,opt_step_size=14,shared_output_size=12,weight_decay=7.9509e-05",cnnlstm,4.948229459854826e-05,32,False,2,128,loss,12,14,7.950850051106464e-05,0.07074288067705248,0.2832254594724831,"['sleepEfficiency', 'awakening', 'totalSleepTime', 'combined']"
b124b_00025,0.847427487373352,0.0,0.6223958134651184,0.2531925439834595,6.9143126010894775,True,,,6,f4e7f741dc35456795f820e3835b4d19,2021-10-11_23-02-23,1633982543,45.57634878158569,283113,crimv3srv041,10.141.0.35,45.57634878158569,0,6,"25_batch_size=32,bidirectional=True,dropout_inner_layers=0.97505,dropout_input_layers=0.032768,hidden_dim=128,learning_rate=0.064056,monitor=mcc,num_layers=1,opt_step_size=10,shared_output_size=84,weight_decay=6.3529e-05",cnnlstm,0.0640559189912638,32,True,1,128,mcc,84,10,6.352907611684638e-05,0.03276815137849143,0.975046375727054,"['sleepEfficiency', 'awakening', 'totalSleepTime', 'combined']"
b124b_00026,0.7358957529067993,0.30116772651672363,0.6611328125,0.4074336886405945,7.384272813796997,True,,,11,a70b84c55b834cc48fdf50e057b4d00f,2021-10-11_23-04-13,1633982653,107.64928817749023,290094,crimv3srv041,10.141.0.35,107.64928817749023,0,11,"26_batch_size=64,bidirectional=True,dropout_inner_layers=0.43707,dropout_input_layers=0.4072,hidden_dim=1024,learning_rate=0.0027011,monitor=loss,num_layers=2,opt_step_size=11,shared_output_size=78,weight_decay=2.7787e-05",cnnlstm,0.0027010732255990147,64,True,2,1024,loss,78,11,2.7787494250405655e-05,0.4071988178686643,0.4370724997358888,"['sleepEfficiency', 'awakening', 'totalSleepTime', 'combined']"
b124b_00027,0.8492195010185242,0.0,0.6223958134651184,0.2531925439834595,4.995551347732544,True,,,6,6d90f48229194e92959fe55de135e470,2021-10-11_23-04-52,1633982692,34.507290840148926,302715,crimv3srv041,10.141.0.35,34.507290840148926,0,6,"27_batch_size=128,bidirectional=False,dropout_inner_layers=0.7433,dropout_input_layers=0.78651,hidden_dim=256,learning_rate=4.8753e-05,monitor=mcc,num_layers=1,opt_step_size=16,shared_output_size=148,weight_decay=0.00023508",cnnlstm,4.8752560907928784e-05,128,False,1,256,mcc,148,16,0.0002350760502093763,0.7865120057911458,0.7432954956892825,"['sleepEfficiency', 'awakening', 'totalSleepTime', 'combined']"
b124b_00028,0.9442280530929565,0.30831003189086914,0.6614583134651184,0.5019839406013489,4.962500333786011,True,,,17,187b3803d9b640f0b538ac45148dd29f,2021-10-11_23-06-36,1633982796,101.84687924385071,309749,crimv3srv041,10.141.0.35,101.84687924385071,0,17,"28_batch_size=256,bidirectional=True,dropout_inner_layers=0.0026437,dropout_input_layers=0.48637,hidden_dim=512,learning_rate=0.00092463,monitor=mcc,num_layers=2,opt_step_size=17,shared_output_size=150,weight_decay=0.0024114",cnnlstm,0.0009246281407651865,256,True,2,512,mcc,150,17,0.002411380119528833,0.48637211754702614,0.0026436929675517362,"['sleepEfficiency', 'awakening', 'totalSleepTime', 'combined']"
b124b_00029,0.7395037412643433,0.2902052104473114,0.65234375,0.4307349622249603,4.758060693740845,True,,,22,6e204807795244c4af6bfbc7157d8d2c,2021-10-11_23-08-48,1633982928,128.41064715385437,326959,crimv3srv041,10.141.0.35,128.41064715385437,0,22,"29_batch_size=256,bidirectional=False,dropout_inner_layers=0.55313,dropout_input_layers=0.91866,hidden_dim=1024,learning_rate=0.00015421,monitor=loss,num_layers=1,opt_step_size=15,shared_output_size=75,weight_decay=0.00035396",cnnlstm,0.0001542114286630097,256,False,1,1024,loss,75,15,0.00035395842833883497,0.9186601329837563,0.5531270868965023,"['sleepEfficiency', 'awakening', 'totalSleepTime', 'combined']"
b124b_00030,0.7873769998550415,0.29295265674591064,0.654296875,0.4498905837535858,5.97462797164917,True,,,24,4c62e3dbbd8049c09cb00a9c3e28dab0,2021-10-11_23-12-15,1633983135,202.81400680541992,349624,crimv3srv041,10.141.0.35,202.81400680541992,0,24,"30_batch_size=128,bidirectional=True,dropout_inner_layers=0.21279,dropout_input_layers=0.20371,hidden_dim=1024,learning_rate=5.9773e-05,monitor=mcc,num_layers=2,opt_step_size=17,shared_output_size=77,weight_decay=0.00040989",cnnlstm,5.9773249241288665e-05,128,True,2,1024,mcc,77,17,0.0004098898474810914,0.20370705228091657,0.2127865951978376,"['sleepEfficiency', 'awakening', 'totalSleepTime', 'combined']"
b124b_00031,1.2024354934692383,0.3045121729373932,0.6549479365348816,0.4464082419872284,6.661623001098633,True,,,14,f6ea435091464c7e8ff5b7f973e4ba01,2021-10-11_23-13-59,1633983239,99.88344979286194,376062,crimv3srv041,10.141.0.35,99.88344979286194,0,14,"31_batch_size=32,bidirectional=True,dropout_inner_layers=0.73113,dropout_input_layers=0.95494,hidden_dim=256,learning_rate=0.00036068,monitor=mcc,num_layers=1,opt_step_size=4,shared_output_size=153,weight_decay=0.0016074",cnnlstm,0.00036067560414876874,32,True,1,256,mcc,153,4,0.0016074158228006428,0.9549364423841713,0.7311298355135133,"['sleepEfficiency', 'awakening', 'totalSleepTime', 'combined']"
b124b_00032,1.1393029689788818,0.0,0.1487630158662796,0.0797588974237442,5.070467472076416,True,,,6,49287d2480774366a895408a0ef7689c,2021-10-11_23-14-39,1633983279,36.04135012626648,392420,crimv3srv041,10.141.0.35,36.04135012626648,0,6,"32_batch_size=64,bidirectional=True,dropout_inner_layers=0.57875,dropout_input_layers=0.88343,hidden_dim=32,learning_rate=1.2733e-06,monitor=mcc,num_layers=1,opt_step_size=13,shared_output_size=247,weight_decay=0.00056614",cnnlstm,1.2732888657654754e-06,64,True,1,32,mcc,247,13,0.0005661387833680181,0.8834332260849691,0.5787496113205873,"['sleepEfficiency', 'awakening', 'totalSleepTime', 'combined']"
b124b_00033,1.2218148708343506,0.0,0.1725260466337204,0.09248941391706467,5.460598707199097,True,,,6,07fba26e6fc04bec919bce718a2ba272,2021-10-11_23-15-17,1633983317,35.6293511390686,398668,crimv3srv041,10.141.0.35,35.6293511390686,0,6,"33_batch_size=256,bidirectional=True,dropout_inner_layers=0.20104,dropout_input_layers=0.74341,hidden_dim=32,learning_rate=7.7598e-06,monitor=mcc,num_layers=2,opt_step_size=6,shared_output_size=230,weight_decay=1.4509e-05",cnnlstm,7.75983168829624e-06,256,True,2,32,mcc,230,6,1.4508858026655376e-05,0.7434131328771562,0.20103766147872104,"['sleepEfficiency', 'awakening', 'totalSleepTime', 'combined']"
b124b_00034,0.8435243964195251,0.0,0.6223958134651184,0.2531925439834595,4.8783464431762695,True,,,6,7926bd833a3842dc975373343c718dbd,2021-10-11_23-15-59,1633983359,37.71694612503052,405570,crimv3srv041,10.141.0.35,37.71694612503052,0,6,"34_batch_size=128,bidirectional=False,dropout_inner_layers=0.01887,dropout_input_layers=0.44354,hidden_dim=1024,learning_rate=0.033372,monitor=mcc,num_layers=2,opt_step_size=7,shared_output_size=142,weight_decay=0.0067009",cnnlstm,0.03337157563951399,128,False,2,1024,mcc,142,7,0.006700939287566688,0.4435438275910586,0.018870397784030102,"['sleepEfficiency', 'awakening', 'totalSleepTime', 'combined']"
b124b_00035,0.7671438455581665,0.05942612141370773,0.6318359375,0.3102759122848511,4.932713270187378,True,,,100,69df3b2c99464772bfcb5e2acc38d68c,2021-10-11_23-24-21,1633983861,499.58655762672424,412257,crimv3srv041,10.141.0.35,499.58655762672424,0,100,"35_batch_size=128,bidirectional=True,dropout_inner_layers=0.34427,dropout_input_layers=0.96392,hidden_dim=64,learning_rate=5.0036e-05,monitor=loss,num_layers=2,opt_step_size=18,shared_output_size=193,weight_decay=0.00070462",cnnlstm,5.003594492432032e-05,128,True,2,64,loss,193,18,0.0007046235554666704,0.9639177303374826,0.34427421327378716,"['sleepEfficiency', 'awakening', 'totalSleepTime', 'combined']"
b124b_00036,0.8630167841911316,0.2896169126033783,0.6595051884651184,0.45057886838912964,4.700525522232056,True,,,10,16780d64951a411894e99a189f5a1441,2021-10-11_23-25-18,1633983918,53.219045639038086,53978,crimv3srv041,10.141.0.35,53.219045639038086,0,10,"36_batch_size=128,bidirectional=True,dropout_inner_layers=0.18481,dropout_input_layers=0.032425,hidden_dim=128,learning_rate=0.002701,monitor=loss,num_layers=1,opt_step_size=12,shared_output_size=9,weight_decay=0.0053836",cnnlstm,0.0027010174900120093,128,True,1,128,loss,9,12,0.005383592502304945,0.03242495886252683,0.18481437483051522,"['sleepEfficiency', 'awakening', 'totalSleepTime', 'combined']"
b124b_00037,0.7270851135253906,0.2804371118545532,0.6552734375,0.420588880777359,5.3110198974609375,True,,,14,b020600e5bec4b7ba3fc6a641df39d3b,2021-10-11_23-26-44,1633984004,83.49132561683655,63713,crimv3srv041,10.141.0.35,83.49132561683655,0,14,"37_batch_size=128,bidirectional=True,dropout_inner_layers=0.36904,dropout_input_layers=0.85796,hidden_dim=512,learning_rate=0.0064828,monitor=mcc,num_layers=2,opt_step_size=19,shared_output_size=145,weight_decay=6.87e-05",cnnlstm,0.006482767137759784,128,True,2,512,mcc,145,19,6.870042426535609e-05,0.8579604137835884,0.3690399964680221,"['sleepEfficiency', 'awakening', 'totalSleepTime', 'combined']"
b124b_00038,0.8438799977302551,0.0,0.6223958134651184,0.2531925439834595,4.9287848472595215,True,,,6,8dabbb0010c44ad58ec149c032e1c2f5,2021-10-11_23-27-25,1633984045,37.164069175720215,78461,crimv3srv041,10.141.0.35,37.164069175720215,0,6,"38_batch_size=128,bidirectional=False,dropout_inner_layers=0.81462,dropout_input_layers=0.10937,hidden_dim=1024,learning_rate=0.031258,monitor=mcc,num_layers=2,opt_step_size=7,shared_output_size=208,weight_decay=0.00013835",cnnlstm,0.0312578697216472,128,False,2,1024,mcc,208,7,0.00013834722195296714,0.10937339268700785,0.8146246111896013,"['sleepEfficiency', 'awakening', 'totalSleepTime', 'combined']"
b124b_00039,0.8443081974983215,0.0,0.6223958134651184,0.2531925439834595,4.6273298263549805,True,,,12,13916bfd0bdd42b8974d0def16853a76,2021-10-11_23-28-35,1633984115,67.2390284538269,85087,crimv3srv041,10.141.0.35,67.2390284538269,0,12,"39_batch_size=128,bidirectional=False,dropout_inner_layers=0.079101,dropout_input_layers=0.6747,hidden_dim=1024,learning_rate=0.046497,monitor=loss,num_layers=1,opt_step_size=12,shared_output_size=224,weight_decay=8.5821e-05",cnnlstm,0.04649724388629017,128,False,1,1024,loss,224,12,8.58214208797037e-05,0.6747040432734931,0.07910104217629743,"['sleepEfficiency', 'awakening', 'totalSleepTime', 'combined']"
b124b_00040,1.048937439918518,0.013691987842321396,0.478515625,0.22573377192020416,5.214393854141235,True,,,100,3d4aad249b95479cb1445cd5b168304a,2021-10-11_23-37-18,1633984638,518.9889521598816,98044,crimv3srv041,10.141.0.35,518.9889521598816,0,100,"40_batch_size=128,bidirectional=True,dropout_inner_layers=0.55293,dropout_input_layers=0.54897,hidden_dim=256,learning_rate=1.4575e-06,monitor=loss,num_layers=1,opt_step_size=9,shared_output_size=162,weight_decay=0.00014449",cnnlstm,1.4575382862041275e-06,128,True,1,256,loss,162,9,0.00014448959805808787,0.548967345099569,0.5529311724432222,"['sleepEfficiency', 'awakening', 'totalSleepTime', 'combined']"
b124b_00041,0.8833849430084229,0.0,0.564453125,0.2348809689283371,4.934751749038696,True,,,6,724c63b06947442f966048dbf1d437ad,2021-10-11_23-37-57,1633984677,35.94636535644531,197462,crimv3srv041,10.141.0.35,35.94636535644531,0,6,"41_batch_size=128,bidirectional=True,dropout_inner_layers=0.77753,dropout_input_layers=0.20264,hidden_dim=256,learning_rate=4.4734e-05,monitor=mcc,num_layers=2,opt_step_size=8,shared_output_size=115,weight_decay=5.696e-05",cnnlstm,4.47338079123092e-05,128,True,2,256,mcc,115,8,5.696007823332449e-05,0.20263513230551344,0.7775255130659098,"['sleepEfficiency', 'awakening', 'totalSleepTime', 'combined']"
b124b_00042,1.0817500352859497,0.0,0.3668619692325592,0.1633514016866684,6.537242412567139,True,,,6,8ac4e42db6674efa952e47acfca9ab05,2021-10-11_23-38-45,1633984725,45.44656729698181,203893,crimv3srv041,10.141.0.35,45.44656729698181,0,6,"42_batch_size=32,bidirectional=False,dropout_inner_layers=0.83128,dropout_input_layers=0.099295,hidden_dim=32,learning_rate=4.9884e-06,monitor=mcc,num_layers=2,opt_step_size=17,shared_output_size=21,weight_decay=5.6307e-05",cnnlstm,4.98843419790714e-06,32,False,2,32,mcc,21,17,5.6306695592147276e-05,0.09929470601297852,0.8312765591947365,"['sleepEfficiency', 'awakening', 'totalSleepTime', 'combined']"
b124b_00043,0.7723978757858276,0.29531773924827576,0.6572265625,0.46664777398109436,5.356490612030029,True,,,24,da39121ed39b4500b2229469bbb76380,2021-10-11_23-41-03,1633984863,134.32699728012085,210745,crimv3srv041,10.141.0.35,134.32699728012085,0,24,"43_batch_size=256,bidirectional=True,dropout_inner_layers=0.0049514,dropout_input_layers=0.92389,hidden_dim=512,learning_rate=0.00013934,monitor=mcc,num_layers=1,opt_step_size=10,shared_output_size=63,weight_decay=0.0021446",cnnlstm,0.00013934478157042967,256,True,1,512,mcc,63,10,0.0021445610665088138,0.923885704610504,0.004951409791498884,"['sleepEfficiency', 'awakening', 'totalSleepTime', 'combined']"
b124b_00044,0.7512186765670776,0.2806926369667053,0.6412760615348816,0.4485504627227783,7.849297523498535,True,,,19,c8d4d646d67a4cf98fe1bce57ef28850,2021-10-11_23-44-02,1633985042,175.26610708236694,235202,crimv3srv041,10.141.0.35,175.26610708236694,0,19,"44_batch_size=32,bidirectional=True,dropout_inner_layers=0.26508,dropout_input_layers=0.6704,hidden_dim=1024,learning_rate=2.3063e-05,monitor=mcc,num_layers=1,opt_step_size=7,shared_output_size=37,weight_decay=0.002127",cnnlstm,2.3063173635854775e-05,32,True,1,1024,mcc,37,7,0.0021269840622197755,0.6703957769937778,0.26507878787325767,"['sleepEfficiency', 'awakening', 'totalSleepTime', 'combined']"
b124b_00045,0.881604015827179,0.0,0.5989583134651184,0.24523834884166718,5.570793867111206,True,,,6,be4ec4dfa5a348c48626cb63b7a2e6d9,2021-10-11_23-44-42,1633985082,35.94873809814453,257358,crimv3srv041,10.141.0.35,35.94873809814453,0,6,"45_batch_size=256,bidirectional=True,dropout_inner_layers=0.64606,dropout_input_layers=0.40905,hidden_dim=256,learning_rate=5.0508e-05,monitor=mcc,num_layers=2,opt_step_size=6,shared_output_size=37,weight_decay=1.459e-05",cnnlstm,5.0508350255336885e-05,256,True,2,256,mcc,37,6,1.4590363304061071e-05,0.4090455988146885,0.6460608775271973,"['sleepEfficiency', 'awakening', 'totalSleepTime', 'combined']"
b124b_00046,0.8434615135192871,0.0,0.6223958134651184,0.2531925439834595,5.333022356033325,True,,,6,2ca08c9cece544b0acc1165c4bf1efb1,2021-10-11_23-45-21,1633985121,37.01647615432739,263511,crimv3srv041,10.141.0.35,37.01647615432739,0,6,"46_batch_size=64,bidirectional=False,dropout_inner_layers=0.5717,dropout_input_layers=0.17077,hidden_dim=512,learning_rate=0.067761,monitor=mcc,num_layers=1,opt_step_size=13,shared_output_size=11,weight_decay=0.0028656",cnnlstm,0.06776143487596231,64,False,1,512,mcc,11,13,0.0028656072565524274,0.1707747156744942,0.5717028164940282,"['sleepEfficiency', 'awakening', 'totalSleepTime', 'combined']"
b124b_00047,0.7665866017341614,0.11188207566738129,0.6188151240348816,0.3331480622291565,11.159451484680176,True,,,44,c13867aba092489084ad90f0f499f91c,2021-10-11_23-55-59,1633985759,633.5222129821777,270869,crimv3srv041,10.141.0.35,633.5222129821777,0,44,"47_batch_size=32,bidirectional=True,dropout_inner_layers=0.67627,dropout_input_layers=0.6963,hidden_dim=1024,learning_rate=7.6866e-06,monitor=loss,num_layers=2,opt_step_size=18,shared_output_size=102,weight_decay=2.3368e-05",cnnlstm,7.686586073844719e-06,32,True,2,1024,loss,102,18,2.3367683732400875e-05,0.6963047534987692,0.6762696430310008,"['sleepEfficiency', 'awakening', 'totalSleepTime', 'combined']"
b124b_00048,1.0651625394821167,0.0,0.48828125,0.20609202980995178,5.222886323928833,True,,,15,c40e74c1b4b2438294f36c5e84411a70,2021-10-11_23-57-22,1633985842,79.59257197380066,324337,crimv3srv041,10.141.0.35,79.59257197380066,0,15,"48_batch_size=256,bidirectional=True,dropout_inner_layers=0.98454,dropout_input_layers=0.12662,hidden_dim=32,learning_rate=6.0005e-05,monitor=mcc,num_layers=1,opt_step_size=13,shared_output_size=178,weight_decay=1.886e-05",cnnlstm,6.000539779451434e-05,256,True,1,32,mcc,178,13,1.885995130595579e-05,0.12662269376908342,0.9845444429347212,"['sleepEfficiency', 'awakening', 'totalSleepTime', 'combined']"
b124b_00049,1.203766107559204,0.32260552048683167,0.65625,0.48814883828163147,6.948552370071411,True,,,15,cd0630240956405e9ddbf51c46463f7c,2021-10-11_23-59-19,1633985959,113.3444013595581,338835,crimv3srv041,10.141.0.35,113.3444013595581,0,15,"49_batch_size=32,bidirectional=True,dropout_inner_layers=0.55053,dropout_input_layers=0.67329,hidden_dim=512,learning_rate=0.0004366,monitor=mcc,num_layers=1,opt_step_size=14,shared_output_size=158,weight_decay=0.0014354",cnnlstm,0.0004366010390488632,32,True,1,512,mcc,158,14,0.0014353616607871863,0.6732887760038997,0.550533794836576,"['sleepEfficiency', 'awakening', 'totalSleepTime', 'combined']"
b124b_00050,0.7176827788352966,0.3240300416946411,0.6767578125,0.47770068049430847,5.295983791351318,True,,,34,0398fea318e944e8bb94bbf6239d475e,2021-10-12_00-02-19,1633986139,175.36501622200012,356162,crimv3srv041,10.141.0.35,175.36501622200012,0,34,"50_batch_size=256,bidirectional=False,dropout_inner_layers=0.027411,dropout_input_layers=0.49396,hidden_dim=32,learning_rate=0.0025934,monitor=mcc,num_layers=2,opt_step_size=13,shared_output_size=242,weight_decay=0.00024749",cnnlstm,0.0025933738712556175,256,False,2,32,mcc,242,13,0.0002474880358119888,0.49395891092779654,0.02741126823211082,"['sleepEfficiency', 'awakening', 'totalSleepTime', 'combined']"
b124b_00051,0.7447342872619629,0.13806383311748505,0.63671875,0.3551312983036041,5.186511754989624,True,,,100,e92bfc18ef81459fa59d3e3c9a88709c,2021-10-12_00-11-14,1633986674,530.6991357803345,390094,crimv3srv041,10.141.0.35,530.6991357803345,0,100,"51_batch_size=256,bidirectional=False,dropout_inner_layers=0.36931,dropout_input_layers=0.97866,hidden_dim=512,learning_rate=1.2336e-05,monitor=loss,num_layers=1,opt_step_size=3,shared_output_size=123,weight_decay=0.00094609",cnnlstm,1.233649227723364e-05,256,False,1,512,loss,123,3,0.0009460908935025298,0.9786624902443914,0.36931404186130623,"['sleepEfficiency', 'awakening', 'totalSleepTime', 'combined']"
b124b_00052,0.7751241326332092,0.3166092336177826,0.6393229365348816,0.4778794050216675,5.010733604431152,True,,,12,0b8c2f3457a74f958a66441547cf42ff,2021-10-12_00-12-22,1633986742,63.61119055747986,31983,crimv3srv041,10.141.0.35,63.61119055747986,0,12,"52_batch_size=128,bidirectional=True,dropout_inner_layers=0.54712,dropout_input_layers=0.15377,hidden_dim=32,learning_rate=0.0064856,monitor=loss,num_layers=1,opt_step_size=4,shared_output_size=231,weight_decay=1.1887e-05",cnnlstm,0.006485625954728437,128,True,1,32,loss,231,4,1.1886875156338782e-05,0.15376515852064476,0.5471169953961857,"['sleepEfficiency', 'awakening', 'totalSleepTime', 'combined']"
b124b_00053,0.9081855416297913,0.3246115744113922,0.6650390625,0.49192315340042114,6.765251159667969,True,,,16,01f0ac90119f4796bc4aae43b5a0ed5f,2021-10-12_00-14-17,1633986857,111.99194574356079,43875,crimv3srv041,10.141.0.35,111.99194574356079,0,16,"53_batch_size=32,bidirectional=True,dropout_inner_layers=0.43089,dropout_input_layers=0.82548,hidden_dim=128,learning_rate=0.0051183,monitor=mcc,num_layers=1,opt_step_size=6,shared_output_size=195,weight_decay=1.244e-05",cnnlstm,0.0051183389117928375,32,True,1,128,mcc,195,6,1.2440099360483514e-05,0.8254843456648079,0.43089333568816424,"['sleepEfficiency', 'awakening', 'totalSleepTime', 'combined']"
b124b_00054,0.8449233770370483,0.014850735664367676,0.5660807490348816,0.23696044087409973,5.197674036026001,True,,,73,2c8d9a014e7f4c0bad0c82095fc764e4,2021-10-12_00-21-23,1633987283,421.99023246765137,61817,crimv3srv041,10.141.0.35,421.99023246765137,0,73,"54_batch_size=64,bidirectional=True,dropout_inner_layers=0.96296,dropout_input_layers=0.055429,hidden_dim=512,learning_rate=4.8006e-05,monitor=loss,num_layers=1,opt_step_size=13,shared_output_size=112,weight_decay=1.2415e-05",cnnlstm,4.800634479497581e-05,64,True,1,512,loss,112,13,1.2414893524908812e-05,0.055429001180543724,0.9629649249730624,"['sleepEfficiency', 'awakening', 'totalSleepTime', 'combined']"
b124b_00055,0.7129834294319153,0.30966871976852417,0.6686198115348816,0.424197793006897,4.938042163848877,True,,,39,1891b4683ac94388bbd10178d7ed045a,2021-10-12_00-24-48,1633987488,201.51063179969788,138711,crimv3srv041,10.141.0.35,201.51063179969788,0,39,"55_batch_size=128,bidirectional=True,dropout_inner_layers=0.49377,dropout_input_layers=0.54878,hidden_dim=128,learning_rate=0.017026,monitor=loss,num_layers=2,opt_step_size=10,shared_output_size=82,weight_decay=0.00022611",cnnlstm,0.017026399481347064,128,True,2,128,loss,82,10,0.00022610913782519196,0.5487761118947776,0.4937721254502919,"['sleepEfficiency', 'awakening', 'totalSleepTime', 'combined']"
b124b_00056,0.8426980376243591,0.0,0.6223958134651184,0.2531925439834595,4.774245977401733,True,,,6,7581cd9f460c4efdb4e3d2353f1244a1,2021-10-12_00-25-27,1633987527,35.13369274139404,178496,crimv3srv041,10.141.0.35,35.13369274139404,0,6,"56_batch_size=128,bidirectional=True,dropout_inner_layers=0.3558,dropout_input_layers=0.07001,hidden_dim=128,learning_rate=0.051872,monitor=mcc,num_layers=1,opt_step_size=16,shared_output_size=55,weight_decay=2.8528e-05",cnnlstm,0.051871838709735,128,True,1,128,mcc,55,16,2.8527705916091586e-05,0.07001029549182314,0.3558021053633742,"['sleepEfficiency', 'awakening', 'totalSleepTime', 'combined']"
b124b_00057,0.8427650332450867,0.0,0.6223958134651184,0.2531925439834595,4.709810972213745,True,,,9,4934b54721414cdc8e908f5231ffdef3,2021-10-12_00-26-18,1633987578,48.73647093772888,184221,crimv3srv041,10.141.0.35,48.73647093772888,0,9,"57_batch_size=256,bidirectional=False,dropout_inner_layers=0.98559,dropout_input_layers=0.39975,hidden_dim=128,learning_rate=0.0068599,monitor=loss,num_layers=1,opt_step_size=5,shared_output_size=59,weight_decay=8.8082e-05",cnnlstm,0.00685992606299556,256,False,1,128,loss,59,5,8.808242083044853e-05,0.39974740348286353,0.9855888979566303,"['sleepEfficiency', 'awakening', 'totalSleepTime', 'combined']"
b124b_00058,0.7574287056922913,0.23274098336696625,0.6458333134651184,0.4000891149044037,6.531156063079834,True,,,73,34a9601a36474c7cb0ccb91d26260b73,2021-10-12_00-34-27,1633988067,485.3881630897522,193541,crimv3srv041,10.141.0.35,485.3881630897522,0,73,"58_batch_size=32,bidirectional=False,dropout_inner_layers=0.45305,dropout_input_layers=0.80265,hidden_dim=32,learning_rate=1.8528e-05,monitor=loss,num_layers=1,opt_step_size=14,shared_output_size=226,weight_decay=0.0010579",cnnlstm,1.8527782896527166e-05,32,False,1,32,loss,226,14,0.0010579072046404717,0.8026451078840786,0.4530546326179845,"['sleepEfficiency', 'awakening', 'totalSleepTime', 'combined']"
b124b_00059,0.8034408688545227,0.28557807207107544,0.6516926884651184,0.47714903950691223,5.288074016571045,True,,,17,27dad4953e224a38a3a7f7a7c42ce01e,2021-10-12_00-36-00,1633988160,89.63577961921692,273103,crimv3srv041,10.141.0.35,89.63577961921692,0,17,"59_batch_size=256,bidirectional=False,dropout_inner_layers=0.054826,dropout_input_layers=0.58315,hidden_dim=64,learning_rate=0.00046998,monitor=loss,num_layers=1,opt_step_size=13,shared_output_size=113,weight_decay=0.00071123",cnnlstm,0.0004699821007132967,256,False,1,64,loss,113,13,0.0007112323392059804,0.5831529982331494,0.054826369818680054,"['sleepEfficiency', 'awakening', 'totalSleepTime', 'combined']"
b124b_00060,0.82038813829422,0.0,0.6223958134651184,0.2531925439834595,4.923327445983887,True,,,100,385efc2e5d5d40c2ad1f17c722cce130,2021-10-12_00-44-33,1633988673,508.5317668914795,291166,crimv3srv041,10.141.0.35,508.5317668914795,0,100,"60_batch_size=128,bidirectional=True,dropout_inner_layers=0.65511,dropout_input_layers=0.16174,hidden_dim=32,learning_rate=6.6454e-06,monitor=loss,num_layers=1,opt_step_size=19,shared_output_size=153,weight_decay=1.5648e-05",cnnlstm,6.645351853689765e-06,128,True,1,32,loss,153,19,1.5647943771026686e-05,0.16174442855518356,0.655113314204341,"['sleepEfficiency', 'awakening', 'totalSleepTime', 'combined']"
b124b_00061,0.8450183272361755,0.0,0.6223958134651184,0.2531925439834595,6.735385417938232,True,,,6,d7dfd1cb10e4462b9aef7df94256492c,2021-10-12_00-45-24,1633988724,47.80667591094971,391831,crimv3srv041,10.141.0.35,47.80667591094971,0,6,"61_batch_size=32,bidirectional=True,dropout_inner_layers=0.21864,dropout_input_layers=0.093765,hidden_dim=64,learning_rate=0.087684,monitor=mcc,num_layers=1,opt_step_size=18,shared_output_size=176,weight_decay=0.00022913",cnnlstm,0.0876844583365122,32,True,1,64,mcc,176,18,0.0002291311050927,0.09376458450026892,0.2186436554379988,"['sleepEfficiency', 'awakening', 'totalSleepTime', 'combined']"
b124b_00062,0.7854668498039246,0.3142867088317871,0.6604817509651184,0.47628992795944214,5.093661785125732,True,,,11,3967dcd6288a4b2b98a6d3bf4740a1aa,2021-10-12_00-46-27,1633988787,59.73913216590881,399800,crimv3srv041,10.141.0.35,59.73913216590881,0,11,"62_batch_size=128,bidirectional=True,dropout_inner_layers=0.11607,dropout_input_layers=0.28639,hidden_dim=128,learning_rate=0.00044332,monitor=loss,num_layers=2,opt_step_size=10,shared_output_size=158,weight_decay=0.0013779",cnnlstm,0.0004433150297342739,128,True,2,128,loss,158,10,0.0013779369597587304,0.2863925264426952,0.11607183111321373,"['sleepEfficiency', 'awakening', 'totalSleepTime', 'combined']"
b124b_00063,0.7415395379066467,0.2539030611515045,0.6510416865348816,0.4058687388896942,5.3822572231292725,True,,,100,1bbb8dadd76147ae8304553c0583d735,2021-10-12_00-55-47,1633989347,556.3530879020691,410811,crimv3srv041,10.141.0.35,556.3530879020691,0,100,"63_batch_size=128,bidirectional=True,dropout_inner_layers=0.067665,dropout_input_layers=0.9006,hidden_dim=512,learning_rate=8.6349e-06,monitor=loss,num_layers=1,opt_step_size=19,shared_output_size=44,weight_decay=0.0013452",cnnlstm,8.634915211912302e-06,128,True,1,512,loss,44,19,0.0013452448824388227,0.900598456897031,0.06766512178009565,"['sleepEfficiency', 'awakening', 'totalSleepTime', 'combined']"
b124b_00064,0.8087167739868164,0.0,0.6223958134651184,0.2531925439834595,6.824937582015991,True,,,66,9ed3f9663b3347f28c01f2361f2598d2,2021-10-12_01-03-28,1633989808,457.28481340408325,53750,crimv3srv041,10.141.0.35,457.28481340408325,0,66,"64_batch_size=32,bidirectional=False,dropout_inner_layers=0.93826,dropout_input_layers=0.57964,hidden_dim=128,learning_rate=1.9335e-05,monitor=loss,num_layers=2,opt_step_size=9,shared_output_size=63,weight_decay=7.1968e-05",cnnlstm,1.9335468543726313e-05,32,False,2,128,loss,63,9,7.196838440658156e-05,0.5796435612746703,0.9382614131149742,"['sleepEfficiency', 'awakening', 'totalSleepTime', 'combined']"
b124b_00065,1.305731177330017,0.289350688457489,0.6555989384651184,0.4776814877986908,4.809720516204834,True,,,21,2bd1a9d23d5641c6a4238383d294f1e5,2021-10-12_01-05-20,1633989920,108.56282377243042,126186,crimv3srv041,10.141.0.35,108.56282377243042,0,21,"65_batch_size=128,bidirectional=True,dropout_inner_layers=0.575,dropout_input_layers=0.74124,hidden_dim=32,learning_rate=0.00080989,monitor=mcc,num_layers=1,opt_step_size=5,shared_output_size=121,weight_decay=5.8381e-05",cnnlstm,0.0008098903079491654,128,True,1,32,mcc,121,5,5.8381024128679925e-05,0.7412358735256543,0.5749972787574523,"['sleepEfficiency', 'awakening', 'totalSleepTime', 'combined']"
b124b_00066,0.8893043994903564,0.30813664197921753,0.6608073115348816,0.4493647515773773,4.944478988647461,True,,,13,2e3c24e1df8e4e7d918777aec5057ab3,2021-10-12_01-06-40,1633990000,76.81340169906616,147255,crimv3srv041,10.141.0.35,76.81340169906616,0,13,"66_batch_size=256,bidirectional=False,dropout_inner_layers=0.55445,dropout_input_layers=0.39979,hidden_dim=1024,learning_rate=0.00080287,monitor=loss,num_layers=1,opt_step_size=10,shared_output_size=121,weight_decay=0.0090804",cnnlstm,0.00080286546352309,256,False,1,1024,loss,121,10,0.009080442878885509,0.39979331974970633,0.5544502130919293,"['sleepEfficiency', 'awakening', 'totalSleepTime', 'combined']"
b124b_00067,0.8063372373580933,0.32540637254714966,0.6676432490348816,0.4995923936367035,4.517456769943237,True,,,9,0b712f6b3c384d2d8d7a45193ea4c741,2021-10-12_01-07-32,1633990052,48.17089295387268,160870,crimv3srv041,10.141.0.35,48.17089295387268,0,9,"67_batch_size=128,bidirectional=True,dropout_inner_layers=0.23138,dropout_input_layers=0.4352,hidden_dim=64,learning_rate=0.0017334,monitor=loss,num_layers=1,opt_step_size=7,shared_output_size=187,weight_decay=0.00030357",cnnlstm,0.0017334223067406983,128,True,1,64,loss,187,7,0.00030356874348737214,0.4352037055008746,0.23138313161411062,"['sleepEfficiency', 'awakening', 'totalSleepTime', 'combined']"
b124b_00068,0.684353768825531,0.3403095602989197,0.6790364384651184,0.5007703900337219,5.262530326843262,True,,,65,73571f6b3bcc47148c58b0dc845aee0a,2021-10-12_01-14-04,1633990444,388.814706325531,170389,crimv3srv041,10.141.0.35,388.814706325531,0,65,"68_batch_size=128,bidirectional=False,dropout_inner_layers=0.2464,dropout_input_layers=0.96707,hidden_dim=1024,learning_rate=0.00041311,monitor=loss,num_layers=2,opt_step_size=16,shared_output_size=54,weight_decay=0.0010784",cnnlstm,0.000413109580545904,128,False,2,1024,loss,54,16,0.0010783712647767893,0.9670712690233625,0.24639842770666254,"['sleepEfficiency', 'awakening', 'totalSleepTime', 'combined']"
b124b_00069,0.8580324649810791,0.30147263407707214,0.6673176884651184,0.429367333650589,4.526933431625366,True,,,12,52957841105c4ff39ae5fac24b38ca00,2021-10-12_01-15-17,1633990517,69.93498873710632,236317,crimv3srv041,10.141.0.35,69.93498873710632,0,12,"69_batch_size=256,bidirectional=False,dropout_inner_layers=0.50561,dropout_input_layers=0.23763,hidden_dim=1024,learning_rate=0.0031755,monitor=loss,num_layers=1,opt_step_size=15,shared_output_size=157,weight_decay=0.00033468",cnnlstm,0.003175499044710205,256,False,1,1024,loss,157,15,0.0003346753038910286,0.23762804706479823,0.5056115658517729,"['sleepEfficiency', 'awakening', 'totalSleepTime', 'combined']"
b124b_00070,0.7253746390342712,0.30318552255630493,0.6595051884651184,0.3993677496910095,4.614465713500977,True,,,15,c30c0aca80eb43d29e02c1deacb34771,2021-10-12_01-16-43,1633990603,81.43234896659851,249064,crimv3srv041,10.141.0.35,81.43234896659851,0,15,"70_batch_size=128,bidirectional=False,dropout_inner_layers=0.11538,dropout_input_layers=0.52385,hidden_dim=512,learning_rate=0.026511,monitor=mcc,num_layers=1,opt_step_size=16,shared_output_size=137,weight_decay=4.8527e-05",cnnlstm,0.026511167611190423,128,False,1,512,mcc,137,16,4.852694496288431e-05,0.5238458797463513,0.11538132861819328,"['sleepEfficiency', 'awakening', 'totalSleepTime', 'combined']"
b124b_00071,1.0609546899795532,0.0,0.4046224057674408,0.17437636852264404,5.508731365203857,True,,,6,6b7ce2c6f77847e2b5e28dd3a20ed276,2021-10-12_01-17-23,1633990643,37.24575424194336,263718,crimv3srv041,10.141.0.35,37.24575424194336,0,6,"71_batch_size=64,bidirectional=False,dropout_inner_layers=0.40307,dropout_input_layers=0.046524,hidden_dim=32,learning_rate=2.825e-06,monitor=mcc,num_layers=2,opt_step_size=11,shared_output_size=125,weight_decay=0.008055",cnnlstm,2.8249559306556332e-06,64,False,2,32,mcc,125,11,0.008055016336652615,0.04652401494244707,0.403066535366588,"['sleepEfficiency', 'awakening', 'totalSleepTime', 'combined']"
b124b_00072,0.845979630947113,0.0,0.6223958134651184,0.2531925439834595,5.372385263442993,True,,,6,cb2c27ac7d2846dc9d04f32a0b9e9a18,2021-10-12_01-18-04,1633990684,37.78477644920349,271277,crimv3srv041,10.141.0.35,37.78477644920349,0,6,"72_batch_size=64,bidirectional=True,dropout_inner_layers=0.98427,dropout_input_layers=0.85601,hidden_dim=256,learning_rate=0.020567,monitor=loss,num_layers=2,opt_step_size=15,shared_output_size=60,weight_decay=0.0066301",cnnlstm,0.020567216367069412,64,True,2,256,loss,60,15,0.0066300948223445315,0.8560058323553387,0.9842661714092562,"['sleepEfficiency', 'awakening', 'totalSleepTime', 'combined']"
b124b_00073,0.9973146319389343,0.0,0.6223958134651184,0.2531925439834595,4.827253580093384,True,,,6,3183fde9222545f2a5357ef5db507342,2021-10-12_01-18-41,1633990721,33.894187450408936,278360,crimv3srv041,10.141.0.35,33.894187450408936,0,6,"73_batch_size=128,bidirectional=False,dropout_inner_layers=0.2233,dropout_input_layers=0.49338,hidden_dim=32,learning_rate=8.9817e-06,monitor=mcc,num_layers=2,opt_step_size=11,shared_output_size=250,weight_decay=0.00011537",cnnlstm,8.98173399489656e-06,128,False,2,32,mcc,250,11,0.00011536918186906417,0.493381022044142,0.22329961530290654,"['sleepEfficiency', 'awakening', 'totalSleepTime', 'combined']"
b124b_00074,0.7229955196380615,0.2857174575328827,0.6598307490348816,0.42131420969963074,6.8061113357543945,True,,,37,4f51f5883d5a426982eb895565f53bee,2021-10-12_01-23-09,1633990989,264.8530731201172,284939,crimv3srv041,10.141.0.35,264.8530731201172,0,37,"74_batch_size=32,bidirectional=True,dropout_inner_layers=0.19808,dropout_input_layers=0.72643,hidden_dim=64,learning_rate=0.0080041,monitor=mcc,num_layers=2,opt_step_size=5,shared_output_size=143,weight_decay=4.6544e-05",cnnlstm,0.008004118661988439,32,True,2,64,mcc,143,5,4.6543713941381754e-05,0.7264333370015471,0.19808269630964026,"['sleepEfficiency', 'awakening', 'totalSleepTime', 'combined']"
b124b_00075,0.6747431755065918,0.36042720079421997,0.6832682490348816,0.47973930835723877,6.444504261016846,True,,,32,75ae75da8823423e87cd1d578e4d2472,2021-10-12_01-26-56,1633991216,223.35955214500427,326248,crimv3srv041,10.141.0.35,223.35955214500427,0,32,"75_batch_size=32,bidirectional=False,dropout_inner_layers=0.10489,dropout_input_layers=0.73472,hidden_dim=128,learning_rate=0.0018608,monitor=mcc,num_layers=2,opt_step_size=12,shared_output_size=136,weight_decay=0.0010286",cnnlstm,0.0018608410306630286,32,False,2,128,mcc,136,12,0.0010286400520218497,0.7347163075645746,0.104886998237806,"['sleepEfficiency', 'awakening', 'totalSleepTime', 'combined']"
b124b_00076,1.0479093790054321,0.0,0.6223958134651184,0.2531925439834595,4.800719499588013,True,,,6,1df34c99082343e0b0af05768c27df26,2021-10-12_01-27-34,1633991254,34.447439670562744,362014,crimv3srv041,10.141.0.35,34.447439670562744,0,6,"76_batch_size=256,bidirectional=True,dropout_inner_layers=0.71624,dropout_input_layers=0.93268,hidden_dim=32,learning_rate=2.0234e-05,monitor=mcc,num_layers=1,opt_step_size=5,shared_output_size=90,weight_decay=4.0113e-05",cnnlstm,2.0234156375447313e-05,256,True,1,32,mcc,90,5,4.0113007580054016e-05,0.9326830038944455,0.71624463013374,"['sleepEfficiency', 'awakening', 'totalSleepTime', 'combined']"
b124b_00077,0.7712724208831787,0.10849161446094513,0.6087239384651184,0.3192025423049927,6.646302938461304,True,,,100,3f6b3f5ea9294b88a51ecfbc1e9bdc18,2021-10-12_01-40-30,1633992030,773.4657139778137,367749,crimv3srv041,10.141.0.35,773.4657139778137,0,100,"77_batch_size=32,bidirectional=False,dropout_inner_layers=0.61965,dropout_input_layers=0.40482,hidden_dim=1024,learning_rate=3.2023e-06,monitor=loss,num_layers=1,opt_step_size=11,shared_output_size=153,weight_decay=7.3217e-05",cnnlstm,3.202259217787106e-06,32,False,1,1024,loss,153,11,7.321726020295997e-05,0.4048195760213684,0.6196533904838568,"['sleepEfficiency', 'awakening', 'totalSleepTime', 'combined']"
b124b_00078,1.2919174432754517,0.351107656955719,0.6774088740348816,0.5343850255012512,7.330680847167969,True,,,23,132a21dd053d4cd89f5a52c6114d0a40,2021-10-12_01-43-29,1633992209,174.46486353874207,22442,crimv3srv041,10.141.0.35,174.46486353874207,0,23,"78_batch_size=32,bidirectional=True,dropout_inner_layers=0.52135,dropout_input_layers=0.38706,hidden_dim=256,learning_rate=0.00029767,monitor=mcc,num_layers=2,opt_step_size=11,shared_output_size=246,weight_decay=0.0066498",cnnlstm,0.00029767017699083447,32,True,2,256,mcc,246,11,0.006649832062372949,0.38705984954504336,0.5213496175468412,"['sleepEfficiency', 'awakening', 'totalSleepTime', 'combined']"
b124b_00079,0.7468366622924805,0.23274163901805878,0.6409505009651184,0.37274080514907837,6.687020778656006,True,,,100,8c38dc31b50e46c78c8f12d5f3cc99c4,2021-10-12_01-55-00,1633992900,687.5885171890259,48066,crimv3srv041,10.141.0.35,687.5885171890259,0,100,"79_batch_size=32,bidirectional=True,dropout_inner_layers=0.6773,dropout_input_layers=0.099943,hidden_dim=128,learning_rate=9.2485e-06,monitor=loss,num_layers=1,opt_step_size=19,shared_output_size=129,weight_decay=0.00036492",cnnlstm,9.248540076272341e-06,32,True,1,128,loss,129,19,0.0003649170296841246,0.09994341164925002,0.6773036982957482,"['sleepEfficiency', 'awakening', 'totalSleepTime', 'combined']"
b124b_00080,1.127293348312378,0.0,0.2268880158662796,0.11601527035236359,4.8158509731292725,True,,,6,bb1947d5fb2b4f6493df3727b887307c,2021-10-12_01-55-38,1633992938,33.903477907180786,185197,crimv3srv041,10.141.0.35,33.903477907180786,0,6,"80_batch_size=128,bidirectional=False,dropout_inner_layers=0.4273,dropout_input_layers=0.69444,hidden_dim=32,learning_rate=1.4551e-05,monitor=mcc,num_layers=2,opt_step_size=6,shared_output_size=216,weight_decay=0.0027951",cnnlstm,1.4551143510367737e-05,128,False,2,32,mcc,216,6,0.0027951301770182237,0.6944426563265474,0.42730332342146393,"['sleepEfficiency', 'awakening', 'totalSleepTime', 'combined']"
b124b_00081,0.8743905425071716,0.28725701570510864,0.6526692509651184,0.4684182405471802,4.614774465560913,True,,,12,2a1b1c712c844738a03b41b41eb21102,2021-10-12_01-56-46,1633993006,65.31342959403992,195638,crimv3srv041,10.141.0.35,65.31342959403992,0,12,"81_batch_size=256,bidirectional=True,dropout_inner_layers=0.43313,dropout_input_layers=0.0065337,hidden_dim=32,learning_rate=0.002565,monitor=loss,num_layers=1,opt_step_size=19,shared_output_size=97,weight_decay=0.0059606",cnnlstm,0.002564985798535033,256,True,1,32,loss,97,19,0.005960630828716341,0.006533686932392091,0.43312893394016794,"['sleepEfficiency', 'awakening', 'totalSleepTime', 'combined']"
b124b_00082,1.079661250114441,0.0,0.4391275942325592,0.18871396780014038,5.001881837844849,True,,,6,c53d4a2148eb41058eb912aa98d12222,2021-10-12_01-57-25,1633993045,35.44519305229187,215304,crimv3srv041,10.141.0.35,35.44519305229187,0,6,"82_batch_size=64,bidirectional=True,dropout_inner_layers=0.2725,dropout_input_layers=0.20091,hidden_dim=32,learning_rate=1.0784e-06,monitor=mcc,num_layers=1,opt_step_size=1,shared_output_size=38,weight_decay=0.0016139",cnnlstm,1.0784313469529522e-06,64,True,1,32,mcc,38,1,0.0016139054520438465,0.200905043433658,0.27250120742073536,"['sleepEfficiency', 'awakening', 'totalSleepTime', 'combined']"
b124b_00083,0.8422302603721619,0.0,0.6223958134651184,0.2531925439834595,6.766438961029053,True,,,6,62c380a29d664037b70179f3613199cd,2021-10-12_01-58-14,1633993094,46.127156257629395,225786,crimv3srv041,10.141.0.35,46.127156257629395,0,6,"83_batch_size=32,bidirectional=False,dropout_inner_layers=0.12982,dropout_input_layers=0.55298,hidden_dim=512,learning_rate=0.036154,monitor=mcc,num_layers=2,opt_step_size=10,shared_output_size=73,weight_decay=0.0001166",cnnlstm,0.03615425490861013,32,False,2,512,mcc,73,10,0.00011659729948247092,0.5529794749211446,0.12981856461969576,"['sleepEfficiency', 'awakening', 'totalSleepTime', 'combined']"
b124b_00084,0.896588146686554,0.316671222448349,0.6559244990348816,0.4860771894454956,4.727652072906494,True,,,14,34d29c396ad245e99bee6f3a602bb3ba,2021-10-12_01-59-36,1633993176,78.98333263397217,237738,crimv3srv041,10.141.0.35,78.98333263397217,0,14,"84_batch_size=256,bidirectional=True,dropout_inner_layers=0.40833,dropout_input_layers=0.83171,hidden_dim=512,learning_rate=0.00092416,monitor=loss,num_layers=1,opt_step_size=2,shared_output_size=40,weight_decay=0.00058713",cnnlstm,0.0009241628155288256,256,True,1,512,loss,40,2,0.0005871288360283418,0.8317084939319221,0.4083328175154486,"['sleepEfficiency', 'awakening', 'totalSleepTime', 'combined']"
b124b_00085,1.0220786333084106,-0.007504219189286232,0.5634765625,0.23467859625816345,6.090514183044434,True,,,100,a4750a80128546b5a7d453b6cb84ae27,2021-10-12_02-10-09,1633993809,628.9735245704651,260445,crimv3srv041,10.141.0.35,628.9735245704651,0,100,"85_batch_size=128,bidirectional=True,dropout_inner_layers=0.94829,dropout_input_layers=0.61452,hidden_dim=512,learning_rate=1.9367e-06,monitor=loss,num_layers=2,opt_step_size=2,shared_output_size=124,weight_decay=0.00050433",cnnlstm,1.93667780773698e-06,128,True,2,512,loss,124,2,0.0005043346155225468,0.61452489795885,0.9482910681305264,"['sleepEfficiency', 'awakening', 'totalSleepTime', 'combined']"
b124b_00086,0.8441678881645203,0.0,0.6223958134651184,0.2531925439834595,5.367452621459961,True,,,8,4c375281df5d4e83831d5e59b1f82595,2021-10-12_02-11-05,1633993865,53.702728033065796,413735,crimv3srv041,10.141.0.35,53.702728033065796,0,8,"86_batch_size=64,bidirectional=True,dropout_inner_layers=0.52368,dropout_input_layers=0.82071,hidden_dim=512,learning_rate=0.030778,monitor=loss,num_layers=1,opt_step_size=8,shared_output_size=186,weight_decay=2.2005e-05",cnnlstm,0.030777566173709296,64,True,1,512,loss,186,8,2.2005386798611515e-05,0.8207077532989019,0.5236817393354374,"['sleepEfficiency', 'awakening', 'totalSleepTime', 'combined']"
b124b_00087,0.843313455581665,0.0,0.6223958134651184,0.2531925439834595,4.736070871353149,True,,,7,9ddf642a9a14425388f5ad94c6c179ef,2021-10-12_02-11-47,1633993907,39.128111362457275,424921,crimv3srv041,10.141.0.35,39.128111362457275,0,7,"87_batch_size=128,bidirectional=False,dropout_inner_layers=0.56275,dropout_input_layers=0.74311,hidden_dim=128,learning_rate=0.06716,monitor=loss,num_layers=1,opt_step_size=19,shared_output_size=176,weight_decay=0.00011382",cnnlstm,0.06715973001703755,128,False,1,128,loss,176,19,0.00011382289967314128,0.7431063070789672,0.5627541924244227,"['sleepEfficiency', 'awakening', 'totalSleepTime', 'combined']"
b124b_00088,0.8122014403343201,0.26053598523139954,0.6175130009651184,0.441796213388443,4.8661792278289795,True,,,11,590ebe1b7fc644a89b40724d9964a2cb,2021-10-12_02-12-48,1633993968,58.502894163131714,435203,crimv3srv041,10.141.0.35,58.502894163131714,0,11,"88_batch_size=256,bidirectional=False,dropout_inner_layers=0.045667,dropout_input_layers=0.20706,hidden_dim=64,learning_rate=0.012068,monitor=loss,num_layers=1,opt_step_size=14,shared_output_size=13,weight_decay=0.0022227",cnnlstm,0.012067713710041615,256,False,1,64,loss,13,14,0.002222716192265071,0.20706327429075044,0.04566749787537483,"['sleepEfficiency', 'awakening', 'totalSleepTime', 'combined']"
b124b_00089,0.7859192490577698,0.014809098094701767,0.6116536259651184,0.2739027738571167,7.316770315170288,True,,,100,dc53c7ed2a2c47e9b6db39fa07d5460d,2021-10-12_02-24-54,1633994694,721.8925032615662,450329,crimv3srv041,10.141.0.35,721.8925032615662,0,100,"89_batch_size=32,bidirectional=True,dropout_inner_layers=0.36755,dropout_input_layers=0.34169,hidden_dim=64,learning_rate=3.3342e-06,monitor=loss,num_layers=2,opt_step_size=19,shared_output_size=183,weight_decay=0.0069896",cnnlstm,3.334191793471944e-06,32,True,2,64,loss,183,19,0.006989644871063898,0.34169352128608255,0.36754547169496776,"['sleepEfficiency', 'awakening', 'totalSleepTime', 'combined']"
b124b_00090,0.8426054120063782,0.2624017894268036,0.6292317509651184,0.3970719575881958,5.014095783233643,True,,,27,487a4111d99449af806044e89715ad8c,2021-10-12_02-27-18,1633994838,139.61404943466187,144780,crimv3srv041,10.141.0.35,139.61404943466187,0,27,"90_batch_size=128,bidirectional=False,dropout_inner_layers=0.80268,dropout_input_layers=0.42932,hidden_dim=64,learning_rate=0.00024588,monitor=mcc,num_layers=1,opt_step_size=8,shared_output_size=91,weight_decay=1.1234e-05",cnnlstm,0.000245881896083182,128,False,1,64,mcc,91,8,1.1233891515461037e-05,0.429321000003581,0.8026759231474048,"['sleepEfficiency', 'awakening', 'totalSleepTime', 'combined']"
b124b_00091,1.0912270545959473,0.0,0.3502604067325592,0.16545897722244263,5.40169882774353,True,,,6,64e128c835c7475f841c266637714eb8,2021-10-12_02-27-58,1633994878,37.61810040473938,181313,crimv3srv041,10.141.0.35,37.61810040473938,0,6,"91_batch_size=256,bidirectional=True,dropout_inner_layers=0.72449,dropout_input_layers=0.04308,hidden_dim=128,learning_rate=5.5011e-06,monitor=mcc,num_layers=2,opt_step_size=18,shared_output_size=254,weight_decay=0.0001112",cnnlstm,5.501099385022428e-06,256,True,2,128,mcc,254,18,0.00011119566664148036,0.04307997646729245,0.724490971749108,"['sleepEfficiency', 'awakening', 'totalSleepTime', 'combined']"
b124b_00092,0.783113420009613,0.13990096747875214,0.6354166865348816,0.3016548454761505,5.3941380977630615,True,,,9,5ecdb23cdb13415a962f7f283deef40d,2021-10-12_02-28-55,1633994935,53.44103693962097,192254,crimv3srv041,10.141.0.35,53.44103693962097,0,9,"92_batch_size=64,bidirectional=False,dropout_inner_layers=0.27234,dropout_input_layers=0.59151,hidden_dim=256,learning_rate=0.019417,monitor=mcc,num_layers=2,opt_step_size=13,shared_output_size=17,weight_decay=2.8575e-05",cnnlstm,0.01941738721931226,64,False,2,256,mcc,17,13,2.8575093218792044e-05,0.5915118304152086,0.2723393437778714,"['sleepEfficiency', 'awakening', 'totalSleepTime', 'combined']"
b124b_00093,0.843599259853363,0.0,0.6223958134651184,0.2531925439834595,5.058245420455933,True,,,7,8fd2142cf60245d9a8112f015b8c7bd6,2021-10-12_02-29-42,1633994982,44.287182092666626,208680,crimv3srv041,10.141.0.35,44.287182092666626,0,7,"93_batch_size=256,bidirectional=True,dropout_inner_layers=0.81556,dropout_input_layers=0.017461,hidden_dim=512,learning_rate=0.026239,monitor=loss,num_layers=2,opt_step_size=4,shared_output_size=214,weight_decay=0.00033021",cnnlstm,0.026239170821416993,256,True,2,512,loss,214,4,0.00033020811039075255,0.017461048785403555,0.8155576359704224,"['sleepEfficiency', 'awakening', 'totalSleepTime', 'combined']"
b124b_00094,0.7893214225769043,0.05549342557787895,0.6344401240348816,0.28283730149269104,5.510095834732056,True,,,100,79addf0c694d491ea2daca13e1827e96,2021-10-12_02-38-46,1633995526,540.1225769519806,221242,crimv3srv041,10.141.0.35,540.1225769519806,0,100,"94_batch_size=64,bidirectional=False,dropout_inner_layers=0.8417,dropout_input_layers=0.71534,hidden_dim=64,learning_rate=1.3475e-05,monitor=loss,num_layers=2,opt_step_size=6,shared_output_size=219,weight_decay=0.0087457",cnnlstm,1.3475456825549145e-05,64,False,2,64,loss,219,6,0.008745698615520292,0.715338697990151,0.8417037296137863,"['sleepEfficiency', 'awakening', 'totalSleepTime', 'combined']"
b124b_00095,0.9250237941741943,0.0,0.5026041865348816,0.21314303576946259,5.153835296630859,True,,,100,3ed456eefc394b6d83f104f08adf86ab,2021-10-12_02-48-02,1633996082,552.5551810264587,379851,crimv3srv041,10.141.0.35,552.5551810264587,0,100,"95_batch_size=256,bidirectional=False,dropout_inner_layers=0.16137,dropout_input_layers=0.91781,hidden_dim=512,learning_rate=4.3385e-06,monitor=loss,num_layers=2,opt_step_size=16,shared_output_size=186,weight_decay=0.00018365",cnnlstm,4.33850013123465e-06,256,False,2,512,loss,186,16,0.00018364659378267327,0.9178073577385357,0.1613732997268965,"['sleepEfficiency', 'awakening', 'totalSleepTime', 'combined']"
b124b_00096,1.1357464790344238,0.0,0.2779947817325592,0.14009639620780945,5.4800591468811035,True,,,6,ad3709eeaa704af3b208dca1429198c0,2021-10-12_02-48-44,1633996124,37.52064394950867,82300,crimv3srv041,10.141.0.35,37.52064394950867,0,6,"96_batch_size=64,bidirectional=True,dropout_inner_layers=0.65682,dropout_input_layers=0.21202,hidden_dim=256,learning_rate=4.3212e-06,monitor=mcc,num_layers=2,opt_step_size=11,shared_output_size=82,weight_decay=0.0016112",cnnlstm,4.321204898502588e-06,64,True,2,256,mcc,82,11,0.0016112065478363583,0.2120236616037925,0.6568203223428953,"['sleepEfficiency', 'awakening', 'totalSleepTime', 'combined']"
b124b_00097,0.7827255129814148,0.13518930971622467,0.6438801884651184,0.3317092955112457,6.5457212924957275,True,,,9,dfc01437889a4ba682ae340e81753c78,2021-10-12_02-49-57,1633996197,70.9427878856659,93294,crimv3srv041,10.141.0.35,70.9427878856659,0,9,"97_batch_size=32,bidirectional=False,dropout_inner_layers=0.78137,dropout_input_layers=0.83798,hidden_dim=128,learning_rate=0.002153,monitor=loss,num_layers=2,opt_step_size=8,shared_output_size=163,weight_decay=0.0032785",cnnlstm,0.0021529973277781794,32,False,2,128,loss,163,8,0.0032785432484238037,0.8379788198428415,0.7813728923195125,"['sleepEfficiency', 'awakening', 'totalSleepTime', 'combined']"
b124b_00098,0.8457136154174805,0.0,0.6223958134651184,0.2531925439834595,6.601501703262329,True,,,6,9179a31f295b4708b1424fc34c56afa2,2021-10-12_02-50-46,1633996246,44.91374969482422,111853,crimv3srv041,10.141.0.35,44.91374969482422,0,6,"98_batch_size=32,bidirectional=True,dropout_inner_layers=0.92848,dropout_input_layers=0.24063,hidden_dim=32,learning_rate=0.025852,monitor=mcc,num_layers=1,opt_step_size=14,shared_output_size=192,weight_decay=3.0631e-05",cnnlstm,0.025852019692847877,32,True,1,32,mcc,192,14,3.063134009317575e-05,0.24062503348093855,0.9284803885726929,"['sleepEfficiency', 'awakening', 'totalSleepTime', 'combined']"
b124b_00099,0.843829333782196,0.0,0.6223958134651184,0.2531925439834595,4.958719968795776,True,,,13,781328fc72914c03a781c1ac887b038b,2021-10-12_02-52-05,1633996325,76.323659658432,123387,crimv3srv041,10.141.0.35,76.323659658432,0,13,"99_batch_size=256,bidirectional=False,dropout_inner_layers=0.58904,dropout_input_layers=0.0069052,hidden_dim=1024,learning_rate=0.072152,monitor=loss,num_layers=1,opt_step_size=14,shared_output_size=172,weight_decay=0.00071288",cnnlstm,0.07215195234641808,256,False,1,1024,loss,172,14,0.0007128828031048236,0.006905196308359396,0.5890362760301505,"['sleepEfficiency', 'awakening', 'totalSleepTime', 'combined']"
b124b_00100,0.7309242486953735,0.30193519592285156,0.6686198115348816,0.4236759543418884,7.575230836868286,True,,,15,077a8259b8634371b94bdcea27970bff,2021-10-12_02-54-14,1633996454,126.25873017311096,143752,crimv3srv041,10.141.0.35,126.25873017311096,0,15,"100_batch_size=32,bidirectional=True,dropout_inner_layers=0.04355,dropout_input_layers=0.087269,hidden_dim=512,learning_rate=0.0093846,monitor=mcc,num_layers=2,opt_step_size=9,shared_output_size=143,weight_decay=0.0059117",cnnlstm,0.009384637910642632,32,True,2,512,mcc,143,9,0.00591168575000478,0.08726859659144937,0.04355006061854583,"['sleepEfficiency', 'awakening', 'totalSleepTime', 'combined']"
b124b_00101,0.8425612449645996,0.0,0.6223958134651184,0.2531925439834595,5.68727707862854,True,,,6,e43f261e9b834e0d8bfce7fb7bcf8ce3,2021-10-12_02-54-56,1633996496,39.49566054344177,172136,crimv3srv041,10.141.0.35,39.49566054344177,0,6,"101_batch_size=64,bidirectional=True,dropout_inner_layers=0.99506,dropout_input_layers=0.0079135,hidden_dim=512,learning_rate=0.0077654,monitor=mcc,num_layers=2,opt_step_size=14,shared_output_size=40,weight_decay=3.2188e-05",cnnlstm,0.007765355493677935,64,True,2,512,mcc,40,14,3.218769004425639e-05,0.007913451506380564,0.9950610148642834,"['sleepEfficiency', 'awakening', 'totalSleepTime', 'combined']"
b124b_00102,1.2170077562332153,0.3112560212612152,0.6588541865348816,0.5034030675888062,4.852666854858398,True,,,17,8da74bb8208c4e249b25b0f33cdd7e03,2021-10-12_02-56-28,1633996588,88.01146340370178,182818,crimv3srv041,10.141.0.35,88.01146340370178,0,17,"102_batch_size=128,bidirectional=False,dropout_inner_layers=0.069898,dropout_input_layers=0.16984,hidden_dim=64,learning_rate=0.00059831,monitor=mcc,num_layers=1,opt_step_size=18,shared_output_size=83,weight_decay=8.8142e-05",cnnlstm,0.000598311666936378,128,False,1,64,mcc,83,18,8.814166515942912e-05,0.16983710135522823,0.0698976566840167,"['sleepEfficiency', 'awakening', 'totalSleepTime', 'combined']"
b124b_00103,1.077489972114563,0.0,0.4446614682674408,0.1948314607143402,7.223924875259399,True,,,6,3ec887bd95cb456290cd2e7d5c6aede9,2021-10-12_02-57-20,1633996640,47.94744682312012,208535,crimv3srv041,10.141.0.35,47.94744682312012,0,6,"103_batch_size=32,bidirectional=True,dropout_inner_layers=0.87954,dropout_input_layers=0.26465,hidden_dim=256,learning_rate=1.0315e-05,monitor=mcc,num_layers=2,opt_step_size=15,shared_output_size=43,weight_decay=0.00098516",cnnlstm,1.0314669758387424e-05,32,True,2,256,mcc,43,15,0.0009851565960215184,0.26465000332614685,0.8795371914476667,"['sleepEfficiency', 'awakening', 'totalSleepTime', 'combined']"
b124b_00104,0.9160785675048828,0.0,0.6223958134651184,0.2531925439834595,5.171110391616821,True,,,100,93b5de2a4308405eabd84c7315ded4f9,2021-10-12_03-05-50,1633997150,507.9032175540924,220123,crimv3srv041,10.141.0.35,507.9032175540924,0,100,"104_batch_size=128,bidirectional=True,dropout_inner_layers=0.14062,dropout_input_layers=0.31733,hidden_dim=64,learning_rate=2.2172e-06,monitor=loss,num_layers=2,opt_step_size=2,shared_output_size=155,weight_decay=0.00025488",cnnlstm,2.2172441417690107e-06,128,True,2,64,loss,155,2,0.0002548773538151708,0.3173334302550711,0.14062471911174268,"['sleepEfficiency', 'awakening', 'totalSleepTime', 'combined']"
b124b_00105,0.8469894528388977,0.3339782655239105,0.673828125,0.5168331861495972,5.0416295528411865,True,,,10,c5977f6f392a4261baf6397c37c89596,2021-10-12_03-06-52,1633997212,59.3271644115448,362390,crimv3srv041,10.141.0.35,59.3271644115448,0,10,"105_batch_size=128,bidirectional=False,dropout_inner_layers=0.46104,dropout_input_layers=0.8544,hidden_dim=1024,learning_rate=0.00095931,monitor=loss,num_layers=1,opt_step_size=16,shared_output_size=27,weight_decay=0.0011543",cnnlstm,0.0009593118722477079,128,False,1,1024,loss,27,16,0.001154257909279781,0.8544045114704039,0.4610360070031473,"['sleepEfficiency', 'awakening', 'totalSleepTime', 'combined']"
b124b_00106,0.757280707359314,0.22756341099739075,0.6461588740348816,0.36679282784461975,4.8118932247161865,True,,,9,3f4549d1647944b6a60ca563c03bc883,2021-10-12_03-07-44,1633997264,49.500460386276245,376435,crimv3srv041,10.141.0.35,49.500460386276245,0,9,"106_batch_size=256,bidirectional=False,dropout_inner_layers=0.01493,dropout_input_layers=0.5991,hidden_dim=256,learning_rate=0.055462,monitor=mcc,num_layers=1,opt_step_size=17,shared_output_size=54,weight_decay=0.00043626",cnnlstm,0.05546244319234494,256,False,1,256,mcc,54,17,0.0004362648550407226,0.5991033931164969,0.014930330493676203,"['sleepEfficiency', 'awakening', 'totalSleepTime', 'combined']"
b124b_00107,1.1258071660995483,0.0,0.2503255307674408,0.12396947294473648,4.748544931411743,True,,,6,a6cc5476e20c4a07a26b11fb17e18912,2021-10-12_03-08-21,1633997301,33.98241066932678,389495,crimv3srv041,10.141.0.35,33.98241066932678,0,6,"107_batch_size=128,bidirectional=True,dropout_inner_layers=0.83712,dropout_input_layers=0.8188,hidden_dim=64,learning_rate=5.4605e-06,monitor=mcc,num_layers=2,opt_step_size=15,shared_output_size=71,weight_decay=0.00020348",cnnlstm,5.460457524455693e-06,128,True,2,64,mcc,71,15,0.0002034789804801405,0.818803340143627,0.8371185555055574,"['sleepEfficiency', 'awakening', 'totalSleepTime', 'combined']"
b124b_00108,0.850250244140625,0.39113473892211914,0.6966145634651184,0.5585324168205261,4.925730466842651,True,,,33,5c2e1c45967c434fbda03aeea965622e,2021-10-12_03-11-19,1633997479,174.01115131378174,398964,crimv3srv041,10.141.0.35,174.01115131378174,0,33,"108_batch_size=256,bidirectional=False,dropout_inner_layers=0.11092,dropout_input_layers=0.26263,hidden_dim=512,learning_rate=0.00018704,monitor=mcc,num_layers=1,opt_step_size=7,shared_output_size=151,weight_decay=1.2149e-05",cnnlstm,0.00018704481060077767,256,False,1,512,mcc,151,7,1.2149359713651557e-05,0.26263371683457026,0.11091507978199677,"['sleepEfficiency', 'awakening', 'totalSleepTime', 'combined']"
b124b_00109,0.8434832692146301,0.0,0.6223958134651184,0.2531925439834595,6.739625692367554,True,,,18,6075dc1fba474f808c773555fdc0919a,2021-10-12_03-13-29,1633997609,126.02125763893127,444409,crimv3srv041,10.141.0.35,126.02125763893127,0,18,"109_batch_size=32,bidirectional=False,dropout_inner_layers=0.59218,dropout_input_layers=0.18221,hidden_dim=64,learning_rate=0.021419,monitor=loss,num_layers=2,opt_step_size=11,shared_output_size=71,weight_decay=0.0021919",cnnlstm,0.021418663912749537,32,False,2,64,loss,71,11,0.002191910170386419,0.18221069190516292,0.5921839025126898,"['sleepEfficiency', 'awakening', 'totalSleepTime', 'combined']"
b124b_00110,0.8422732949256897,0.0,0.6223958134651184,0.2531925439834595,7.2949769496917725,True,,,6,6705a236e4b545d7a0bece5cdee9dfa5,2021-10-12_03-14-19,1633997659,45.96575713157654,13748,crimv3srv041,10.141.0.35,45.96575713157654,0,6,"110_batch_size=32,bidirectional=False,dropout_inner_layers=0.73575,dropout_input_layers=0.74943,hidden_dim=256,learning_rate=0.033547,monitor=mcc,num_layers=2,opt_step_size=19,shared_output_size=89,weight_decay=0.00014077",cnnlstm,0.03354712603066375,32,False,2,256,mcc,89,19,0.00014077054953490008,0.749433697097688,0.7357537690460696,"['sleepEfficiency', 'awakening', 'totalSleepTime', 'combined']"
b124b_00111,0.9683170318603516,0.0,0.380859375,0.16562607884407043,5.77792501449585,True,,,6,8f6089e928ff4890aa0136cf9fa4e4fb,2021-10-12_03-15-07,1633997707,44.01375150680542,22624,crimv3srv041,10.141.0.35,44.01375150680542,0,6,"111_batch_size=256,bidirectional=True,dropout_inner_layers=0.45968,dropout_input_layers=0.34831,hidden_dim=1024,learning_rate=4.01e-05,monitor=mcc,num_layers=2,opt_step_size=4,shared_output_size=44,weight_decay=2.8165e-05",cnnlstm,4.0099594989633744e-05,256,True,2,1024,mcc,44,4,2.8164571722730746e-05,0.34831429738420927,0.4596784163502897,"['sleepEfficiency', 'awakening', 'totalSleepTime', 'combined']"
b124b_00112,0.7511628866195679,0.26366713643074036,0.6536458134651184,0.38475337624549866,5.0168211460113525,True,,,57,1c0b426cbc30495eaadbb6eea53e044c,2021-10-12_03-20-01,1633998001,290.59495735168457,32160,crimv3srv041,10.141.0.35,290.59495735168457,0,57,"112_batch_size=128,bidirectional=True,dropout_inner_layers=0.52363,dropout_input_layers=0.56723,hidden_dim=32,learning_rate=4.1542e-05,monitor=loss,num_layers=1,opt_step_size=4,shared_output_size=128,weight_decay=1.8145e-05",cnnlstm,4.15418616277374e-05,128,True,1,32,loss,128,4,1.814501554759679e-05,0.5672331056808546,0.5236330552949983,"['sleepEfficiency', 'awakening', 'totalSleepTime', 'combined']"
b124b_00113,0.7408610582351685,0.2622666358947754,0.6588541865348816,0.385935515165329,5.309900999069214,True,,,10,ecf05efe2dde4bdd80d4a0c8d697ad3e,2021-10-12_03-21-01,1633998061,56.09841227531433,118459,crimv3srv041,10.141.0.35,56.09841227531433,0,10,"113_batch_size=128,bidirectional=False,dropout_inner_layers=0.74662,dropout_input_layers=0.32493,hidden_dim=512,learning_rate=0.011029,monitor=mcc,num_layers=2,opt_step_size=8,shared_output_size=242,weight_decay=0.00012902",cnnlstm,0.011028573662291895,128,False,2,512,mcc,242,8,0.0001290204893707173,0.3249343127899528,0.7466233979281627,"['sleepEfficiency', 'awakening', 'totalSleepTime', 'combined']"
b124b_00114,0.7957290410995483,0.0,0.6223958134651184,0.2531925439834595,4.8093695640563965,True,,,10,8faa81f5ca5845fdb0f8801578bcbf46,2021-10-12_03-21-59,1633998119,55.524882078170776,134961,crimv3srv041,10.141.0.35,55.524882078170776,0,10,"114_batch_size=128,bidirectional=False,dropout_inner_layers=0.77092,dropout_input_layers=0.26194,hidden_dim=256,learning_rate=0.021978,monitor=loss,num_layers=1,opt_step_size=16,shared_output_size=221,weight_decay=2.9991e-05",cnnlstm,0.021978451856089345,128,False,1,256,loss,221,16,2.999130052184794e-05,0.26194031577299703,0.770915150687811,"['sleepEfficiency', 'awakening', 'totalSleepTime', 'combined']"
b124b_00115,1.1294373273849487,-0.0029589703772217035,0.2379557341337204,0.12485405057668686,5.211398363113403,True,,,6,28098d1444f44f2c8f973173e8becfd0,2021-10-12_03-22-36,1633998156,34.961179971694946,150298,crimv3srv041,10.141.0.35,34.961179971694946,0,6,"115_batch_size=256,bidirectional=True,dropout_inner_layers=0.73008,dropout_input_layers=0.53044,hidden_dim=512,learning_rate=1.4383e-05,monitor=mcc,num_layers=1,opt_step_size=1,shared_output_size=5,weight_decay=0.00029576",cnnlstm,1.438342496806583e-05,256,True,1,512,mcc,5,1,0.0002957638488684732,0.5304444760084379,0.7300829434842374,"['sleepEfficiency', 'awakening', 'totalSleepTime', 'combined']"
b124b_00116,1.1007899045944214,0.0,0.3668619692325592,0.1633514016866684,5.432640314102173,True,,,6,17b0db016d5c4974991555b89e8c4df7,2021-10-12_03-23-15,1633998195,35.18975257873535,160351,crimv3srv041,10.141.0.35,35.18975257873535,0,6,"116_batch_size=256,bidirectional=False,dropout_inner_layers=0.96733,dropout_input_layers=0.42496,hidden_dim=64,learning_rate=1.9314e-06,monitor=mcc,num_layers=1,opt_step_size=8,shared_output_size=105,weight_decay=0.0039264",cnnlstm,1.9313983824302704e-06,256,False,1,64,mcc,105,8,0.003926424011030655,0.4249556623923264,0.9673315265182016,"['sleepEfficiency', 'awakening', 'totalSleepTime', 'combined']"
b124b_00117,1.138945460319519,0.0,0.2428385466337204,0.11038456112146378,5.730923175811768,True,,,6,f86b5a72542f4a59953fe31f25c1989a,2021-10-12_03-24-00,1633998240,42.52161264419556,170679,crimv3srv041,10.141.0.35,42.52161264419556,0,6,"117_batch_size=64,bidirectional=True,dropout_inner_layers=0.89118,dropout_input_layers=0.74682,hidden_dim=1024,learning_rate=2.0931e-06,monitor=mcc,num_layers=1,opt_step_size=7,shared_output_size=126,weight_decay=0.0077135",cnnlstm,2.0931023135552544e-06,64,True,1,1024,mcc,126,7,0.007713460629837639,0.7468225934029865,0.8911830561123901,"['sleepEfficiency', 'awakening', 'totalSleepTime', 'combined']"
b124b_00118,0.8458362221717834,0.0,0.6223958134651184,0.2531925439834595,10.989274024963379,True,,,6,677e52282f9f4608a9989bf272f65ee8,2021-10-12_03-25-24,1633998324,77.39848756790161,179358,crimv3srv041,10.141.0.35,77.39848756790161,0,6,"118_batch_size=32,bidirectional=True,dropout_inner_layers=0.57276,dropout_input_layers=0.89549,hidden_dim=1024,learning_rate=0.096814,monitor=mcc,num_layers=2,opt_step_size=10,shared_output_size=16,weight_decay=1.0228e-05",cnnlstm,0.09681399181949714,32,True,2,1024,mcc,16,10,1.0228052962024324e-05,0.8954944642917544,0.5727620609028856,"['sleepEfficiency', 'awakening', 'totalSleepTime', 'combined']"
b124b_00119,1.230877161026001,0.3249853253364563,0.6595051884651184,0.49271252751350403,4.974102735519409,True,,,18,10d6db532bec49789b8a32fbdd98a513,2021-10-12_03-27-12,1633998432,102.2723240852356,190581,crimv3srv041,10.141.0.35,102.2723240852356,0,18,"119_batch_size=256,bidirectional=True,dropout_inner_layers=0.26862,dropout_input_layers=0.73468,hidden_dim=512,learning_rate=0.010825,monitor=mcc,num_layers=1,opt_step_size=2,shared_output_size=160,weight_decay=9.6089e-05",cnnlstm,0.010824934121869514,256,True,1,512,mcc,160,2,9.608851382477845e-05,0.734683839443117,0.2686213373555808,"['sleepEfficiency', 'awakening', 'totalSleepTime', 'combined']"
b124b_00120,0.8286234140396118,0.2832014560699463,0.6438801884651184,0.4481258690357208,4.587878942489624,True,,,16,d27cae268ba54f94860f3f5f9470b2d9,2021-10-12_03-28-40,1633998520,83.59549140930176,214144,crimv3srv041,10.141.0.35,83.59549140930176,0,16,"120_batch_size=256,bidirectional=False,dropout_inner_layers=0.51583,dropout_input_layers=0.59291,hidden_dim=128,learning_rate=0.00063596,monitor=loss,num_layers=1,opt_step_size=2,shared_output_size=240,weight_decay=0.0031868",cnnlstm,0.0006359566631558982,256,False,1,128,loss,240,2,0.0031867730007959258,0.5929119873311093,0.5158345627597962,"['sleepEfficiency', 'awakening', 'totalSleepTime', 'combined']"
b124b_00121,0.892652153968811,0.0,0.6223958134651184,0.2531925439834595,4.897016763687134,True,,,27,04c1c8e1b9474a3ba0b51fbb24b55888,2021-10-12_03-31-00,1633998660,137.49097633361816,236266,crimv3srv041,10.141.0.35,137.49097633361816,0,27,"121_batch_size=128,bidirectional=True,dropout_inner_layers=0.93291,dropout_input_layers=0.80074,hidden_dim=64,learning_rate=0.00011428,monitor=loss,num_layers=1,opt_step_size=4,shared_output_size=254,weight_decay=6.3578e-05",cnnlstm,0.00011427512388424807,128,True,1,64,loss,254,4,6.357756941305197e-05,0.800738633115825,0.9329069312668441,"['sleepEfficiency', 'awakening', 'totalSleepTime', 'combined']"
b124b_00122,1.0851432085037231,0.0,0.2688802182674408,0.13919319212436676,5.365630388259888,True,,,6,d19bb3d157c9484093c8cd4a4f55ef06,2021-10-12_03-31-39,1633998699,36.59837508201599,272505,crimv3srv041,10.141.0.35,36.59837508201599,0,6,"122_batch_size=256,bidirectional=False,dropout_inner_layers=0.49343,dropout_input_layers=0.84547,hidden_dim=1024,learning_rate=1.1482e-06,monitor=mcc,num_layers=1,opt_step_size=13,shared_output_size=87,weight_decay=0.0061944",cnnlstm,1.1481932067953648e-06,256,False,1,1024,mcc,87,13,0.00619443809658721,0.8454699083617317,0.49342586930074506,"['sleepEfficiency', 'awakening', 'totalSleepTime', 'combined']"
b124b_00123,0.8438425660133362,0.0,0.6223958134651184,0.2531925439834595,6.699750900268555,True,,,13,3aab2715daa046f7a83457c3edcf57df,2021-10-12_03-33-16,1633998796,95.01314330101013,281898,crimv3srv041,10.141.0.35,95.01314330101013,0,13,"123_batch_size=32,bidirectional=True,dropout_inner_layers=0.92846,dropout_input_layers=0.88122,hidden_dim=64,learning_rate=0.051071,monitor=loss,num_layers=2,opt_step_size=19,shared_output_size=220,weight_decay=0.0034769",cnnlstm,0.05107081795882928,32,True,2,64,loss,220,19,0.0034768843322131576,0.8812237034488766,0.928459465345327,"['sleepEfficiency', 'awakening', 'totalSleepTime', 'combined']"
b124b_00124,1.0444012880325317,0.0,0.5006510615348816,0.20567560195922852,4.945421457290649,True,,,6,82e47eaf2245456b8fc85133ad8b5323,2021-10-12_03-33-56,1633998836,35.08407545089722,303905,crimv3srv041,10.141.0.35,35.08407545089722,0,6,"124_batch_size=128,bidirectional=False,dropout_inner_layers=0.20271,dropout_input_layers=0.16114,hidden_dim=256,learning_rate=8.8893e-06,monitor=mcc,num_layers=1,opt_step_size=15,shared_output_size=187,weight_decay=0.00065603",cnnlstm,8.889315585861055e-06,128,False,1,256,mcc,187,15,0.0006560323370482919,0.16114303728987434,0.2027100399993086,"['sleepEfficiency', 'awakening', 'totalSleepTime', 'combined']"
b124b_00125,0.7375011444091797,0.3688758611679077,0.6917317509651184,0.5235180854797363,5.2567784786224365,True,,,16,0bb33690e9764f24adfe798b45db4c03,2021-10-12_03-35-39,1633998939,100.46443152427673,314141,crimv3srv041,10.141.0.35,100.46443152427673,0,16,"125_batch_size=64,bidirectional=False,dropout_inner_layers=0.17465,dropout_input_layers=0.85512,hidden_dim=1024,learning_rate=0.00010911,monitor=loss,num_layers=1,opt_step_size=15,shared_output_size=194,weight_decay=0.0069666",cnnlstm,0.00010911247093397401,64,False,1,1024,loss,194,15,0.006966594905679602,0.8551220792766931,0.1746529987226083,"['sleepEfficiency', 'awakening', 'totalSleepTime', 'combined']"
b124b_00126,2.536902904510498,0.38755565881729126,0.6764323115348816,0.5627097487449646,5.206759929656982,True,,,27,2d504d987e154001a3c3656c05fb3af0,2021-10-12_03-38-14,1633999094,151.28253841400146,341902,crimv3srv041,10.141.0.35,151.28253841400146,0,27,"126_batch_size=64,bidirectional=True,dropout_inner_layers=0.080722,dropout_input_layers=0.86599,hidden_dim=256,learning_rate=0.00034793,monitor=mcc,num_layers=1,opt_step_size=12,shared_output_size=206,weight_decay=0.00024616",cnnlstm,0.00034792983014724844,64,True,1,256,mcc,206,12,0.0002461552238741934,0.8659941680240023,0.08072247421294543,"['sleepEfficiency', 'awakening', 'totalSleepTime', 'combined']"
b124b_00127,0.8278242945671082,0.29680728912353516,0.6429036259651184,0.5028298497200012,4.601847887039185,True,,,12,682e4bc9f44f4067a51cae1cb43e087c,2021-10-12_03-39-22,1633999162,64.01679563522339,386497,crimv3srv041,10.141.0.35,64.01679563522339,0,12,"127_batch_size=256,bidirectional=False,dropout_inner_layers=0.052929,dropout_input_layers=0.19796,hidden_dim=128,learning_rate=0.0031286,monitor=loss,num_layers=1,opt_step_size=12,shared_output_size=154,weight_decay=3.2608e-05",cnnlstm,0.0031285686177071207,256,False,1,128,loss,154,12,3.260832748431503e-05,0.1979560063127791,0.05292882096295748,"['sleepEfficiency', 'awakening', 'totalSleepTime', 'combined']"
b124b_00128,1.1261012554168701,0.347545325756073,0.6487630009651184,0.48975440859794617,6.750201225280762,True,,,25,122d08d93dfc4a528022c10a2ec8d246,2021-10-12_03-42-37,1633999357,191.16890811920166,406476,crimv3srv041,10.141.0.35,191.16890811920166,0,25,"128_batch_size=32,bidirectional=False,dropout_inner_layers=0.63396,dropout_input_layers=0.16384,hidden_dim=1024,learning_rate=0.00015829,monitor=mcc,num_layers=1,opt_step_size=16,shared_output_size=226,weight_decay=0.00021972",cnnlstm,0.00015829482447089066,32,False,1,1024,mcc,226,16,0.00021971969818265216,0.1638385381439963,0.6339552176495405,"['sleepEfficiency', 'awakening', 'totalSleepTime', 'combined']"
b124b_00129,0.8438520431518555,0.0,0.6223958134651184,0.2531925439834595,6.798702001571655,True,,,6,8d2ca672409d4cba8d65c8d271566feb,2021-10-12_03-43-27,1633999407,46.21728730201721,455363,crimv3srv041,10.141.0.35,46.21728730201721,0,6,"129_batch_size=32,bidirectional=True,dropout_inner_layers=0.93824,dropout_input_layers=0.50342,hidden_dim=32,learning_rate=0.018464,monitor=mcc,num_layers=1,opt_step_size=16,shared_output_size=227,weight_decay=5.1511e-05",cnnlstm,0.018463514592929765,32,True,1,32,mcc,227,16,5.151128212829719e-05,0.5034169058565452,0.9382367675848097,"['sleepEfficiency', 'awakening', 'totalSleepTime', 'combined']"
b124b_00130,0.7744236588478088,0.3271317183971405,0.6640625,0.49799293279647827,11.469117403030396,True,,,14,948f00e201174d90826bf58425d0e6c9,2021-10-12_03-46-52,1633999612,202.13794779777527,9750,crimv3srv041,10.141.0.35,202.13794779777527,0,14,"130_batch_size=32,bidirectional=True,dropout_inner_layers=0.39248,dropout_input_layers=0.32397,hidden_dim=1024,learning_rate=0.00010845,monitor=mcc,num_layers=2,opt_step_size=12,shared_output_size=112,weight_decay=7.7949e-05",cnnlstm,0.00010845109653882871,32,True,2,1024,mcc,112,12,7.794905057601998e-05,0.3239714733189696,0.3924753005043383,"['sleepEfficiency', 'awakening', 'totalSleepTime', 'combined']"
b124b_00131,0.7283132672309875,0.2781050205230713,0.6487630009651184,0.42626437544822693,4.912728786468506,True,,,84,dd5f1b4ec3184987946c257db9a63d95,2021-10-12_03-54-09,1634000049,433.48365688323975,47166,crimv3srv041,10.141.0.35,433.48365688323975,0,84,"131_batch_size=128,bidirectional=False,dropout_inner_layers=0.47492,dropout_input_layers=0.92194,hidden_dim=256,learning_rate=1.9055e-05,monitor=loss,num_layers=1,opt_step_size=15,shared_output_size=144,weight_decay=1.2685e-05",cnnlstm,1.9054739467109945e-05,128,False,1,256,loss,144,15,1.2684961138723542e-05,0.9219410015261122,0.4749166869948578,"['sleepEfficiency', 'awakening', 'totalSleepTime', 'combined']"
b124b_00132,0.7696106433868408,0.2941226065158844,0.6536458134651184,0.44424837827682495,4.672827959060669,True,,,15,85813e9c4cc94af8b469d0304a042d16,2021-10-12_03-55-37,1634000137,83.29373955726624,173589,crimv3srv041,10.141.0.35,83.29373955726624,0,15,"132_batch_size=128,bidirectional=True,dropout_inner_layers=0.066195,dropout_input_layers=0.22782,hidden_dim=512,learning_rate=0.00021723,monitor=loss,num_layers=1,opt_step_size=16,shared_output_size=44,weight_decay=8.5932e-05",cnnlstm,0.00021723356257830057,128,True,1,512,loss,44,16,8.593241018375835e-05,0.227819917219809,0.06619486539749153,"['sleepEfficiency', 'awakening', 'totalSleepTime', 'combined']"
b124b_00133,0.756788969039917,0.29472166299819946,0.6448567509651184,0.41299062967300415,5.120743751525879,True,,,17,da086c2c016b4899a433e6dc6b100be8,2021-10-12_03-57-11,1634000231,90.72619342803955,197863,crimv3srv041,10.141.0.35,90.72619342803955,0,17,"133_batch_size=256,bidirectional=False,dropout_inner_layers=0.37485,dropout_input_layers=0.097708,hidden_dim=128,learning_rate=0.0033246,monitor=loss,num_layers=2,opt_step_size=19,shared_output_size=9,weight_decay=5.3546e-05",cnnlstm,0.003324643159576912,256,False,2,128,loss,9,19,5.354602680037285e-05,0.09770808579644696,0.37485444999099027,"['sleepEfficiency', 'awakening', 'totalSleepTime', 'combined']"
b124b_00134,0.8029701113700867,0.33666881918907166,0.6731770634651184,0.4798961281776428,5.000343322753906,True,,,20,4d7a39ea433e45e89b701d582c3e8d9b,2021-10-12_03-59-01,1634000341,105.55860233306885,225027,crimv3srv041,10.141.0.35,105.55860233306885,0,20,"134_batch_size=256,bidirectional=False,dropout_inner_layers=0.35045,dropout_input_layers=0.30779,hidden_dim=128,learning_rate=0.0020267,monitor=mcc,num_layers=2,opt_step_size=13,shared_output_size=210,weight_decay=3.8211e-05",cnnlstm,0.002026662706727081,256,False,2,128,mcc,210,13,3.8211446825174344e-05,0.30779079673740795,0.3504509137489388,"['sleepEfficiency', 'awakening', 'totalSleepTime', 'combined']"
b124b_00135,0.7375015020370483,0.24913017451763153,0.6373698115348816,0.3913397192955017,5.183990955352783,True,,,30,b90bb833fc3047f6bed71b56cd56bd69,2021-10-12_04-01-45,1634000505,160.34452390670776,256578,crimv3srv041,10.141.0.35,160.34452390670776,0,30,"135_batch_size=256,bidirectional=True,dropout_inner_layers=0.60029,dropout_input_layers=0.035755,hidden_dim=256,learning_rate=0.00013675,monitor=loss,num_layers=1,opt_step_size=8,shared_output_size=80,weight_decay=2.3291e-05",cnnlstm,0.00013675447584321482,256,True,1,256,loss,80,8,2.3290860539328136e-05,0.035755450571846925,0.6002932844797818,"['sleepEfficiency', 'awakening', 'totalSleepTime', 'combined']"
b124b_00136,0.8842903971672058,0.3412986695766449,0.6588541865348816,0.4924571216106415,6.785653829574585,True,,,10,006ae356c1b64bf0a17b13d29f623e5d,2021-10-12_04-03-03,1634000583,75.21800589561462,302187,crimv3srv041,10.141.0.35,75.21800589561462,0,10,"136_batch_size=32,bidirectional=True,dropout_inner_layers=0.65614,dropout_input_layers=0.55504,hidden_dim=256,learning_rate=0.0006332,monitor=loss,num_layers=1,opt_step_size=19,shared_output_size=251,weight_decay=0.0057395",cnnlstm,0.0006331996976204264,32,True,1,256,loss,251,19,0.00573950959951507,0.5550379260764323,0.6561409636077016,"['sleepEfficiency', 'awakening', 'totalSleepTime', 'combined']"
b124b_00137,0.8536741137504578,0.0,0.6223958134651184,0.2531925439834595,5.900743246078491,True,,,7,a08bafce2312462c8bf5da46f94e10fa,2021-10-12_04-03-57,1634000637,49.34099340438843,319703,crimv3srv041,10.141.0.35,49.34099340438843,0,7,"137_batch_size=64,bidirectional=False,dropout_inner_layers=0.39279,dropout_input_layers=0.64487,hidden_dim=1024,learning_rate=1.3761e-05,monitor=mcc,num_layers=2,opt_step_size=12,shared_output_size=242,weight_decay=0.00046446",cnnlstm,1.376140529936254e-05,64,False,2,1024,mcc,242,12,0.0004644593141492221,0.6448679024966868,0.39278551819349905,"['sleepEfficiency', 'awakening', 'totalSleepTime', 'combined']"
b124b_00138,0.7522333860397339,0.28433483839035034,0.6627604365348816,0.4339367151260376,7.007779836654663,True,,,25,a0209f658da443e4a132736b32a1c947,2021-10-12_04-06-58,1634000818,178.57990503311157,330147,crimv3srv041,10.141.0.35,178.57990503311157,0,25,"138_batch_size=32,bidirectional=False,dropout_inner_layers=0.78167,dropout_input_layers=0.41503,hidden_dim=128,learning_rate=0.00011058,monitor=loss,num_layers=2,opt_step_size=19,shared_output_size=84,weight_decay=0.00028537",cnnlstm,0.00011057966882233286,32,False,2,128,loss,84,19,0.00028537386576295867,0.41502513684140985,0.781672404214171,"['sleepEfficiency', 'awakening', 'totalSleepTime', 'combined']"
b124b_00139,0.8021824955940247,0.2794104218482971,0.5830078125,0.4234607517719269,4.620626926422119,True,,,27,a94d7684088e4e12bd5e5eed2d96dfc3,2021-10-12_04-09-37,1634000977,154.68699097633362,364898,crimv3srv041,10.141.0.35,154.68699097633362,0,27,"139_batch_size=256,bidirectional=True,dropout_inner_layers=0.81511,dropout_input_layers=0.24251,hidden_dim=512,learning_rate=0.00025569,monitor=loss,num_layers=2,opt_step_size=1,shared_output_size=228,weight_decay=5.7618e-05",cnnlstm,0.00025568614331933663,256,True,2,512,loss,228,1,5.761825134613226e-05,0.24251186820042658,0.8151141120047569,"['sleepEfficiency', 'awakening', 'totalSleepTime', 'combined']"
b124b_00140,0.8507539629936218,0.0,0.6223958134651184,0.2531925439834595,7.3740434646606445,True,,,6,011686e575cd4e0ca3d6b642b13f3a47,2021-10-12_04-10-33,1634001033,51.902827501297,406377,crimv3srv041,10.141.0.35,51.902827501297,0,6,"140_batch_size=32,bidirectional=True,dropout_inner_layers=0.7581,dropout_input_layers=0.76749,hidden_dim=512,learning_rate=0.096952,monitor=mcc,num_layers=2,opt_step_size=15,shared_output_size=142,weight_decay=0.0078356",cnnlstm,0.09695239931224071,32,True,2,512,mcc,142,15,0.007835613136668954,0.7674930049618264,0.7581048436811518,"['sleepEfficiency', 'awakening', 'totalSleepTime', 'combined']"
b124b_00141,0.8399498462677002,0.3291275203227997,0.6708984375,0.4859444200992584,5.447555303573608,True,,,12,06cc1117916e4634b54bde783993210d,2021-10-12_04-11-46,1634001106,71.18242740631104,419071,crimv3srv041,10.141.0.35,71.18242740631104,0,12,"141_batch_size=64,bidirectional=True,dropout_inner_layers=0.24794,dropout_input_layers=0.27016,hidden_dim=128,learning_rate=0.00089778,monitor=loss,num_layers=2,opt_step_size=2,shared_output_size=226,weight_decay=0.00079349",cnnlstm,0.000897777840670077,64,True,2,128,loss,226,2,0.0007934901568894768,0.270160698947454,0.24793917670957966,"['sleepEfficiency', 'awakening', 'totalSleepTime', 'combined']"
b124b_00142,1.0353182554244995,0.2533947229385376,0.6484375,0.3799178898334503,4.932058334350586,True,,,24,50527edabea944f3a9e67946bd7ea16b,2021-10-12_04-13-55,1634001235,126.64130759239197,438706,crimv3srv041,10.141.0.35,126.64130759239197,0,24,"142_batch_size=128,bidirectional=True,dropout_inner_layers=0.86522,dropout_input_layers=0.99312,hidden_dim=64,learning_rate=0.00051744,monitor=mcc,num_layers=1,opt_step_size=3,shared_output_size=15,weight_decay=1.1354e-05",cnnlstm,0.0005174413193747967,128,True,1,64,mcc,15,3,1.1354213885677668e-05,0.9931175282882748,0.8652246344695845,"['sleepEfficiency', 'awakening', 'totalSleepTime', 'combined']"
b124b_00143,0.80079585313797,0.0,0.6223958134651184,0.2531925439834595,4.901928186416626,True,,,6,6322418f29794c9da82a0af977fad450,2021-10-12_04-14-34,1634001274,33.93628144264221,7947,crimv3srv041,10.141.0.35,33.93628144264221,0,6,"143_batch_size=256,bidirectional=False,dropout_inner_layers=0.59903,dropout_input_layers=0.89557,hidden_dim=32,learning_rate=0.0016393,monitor=mcc,num_layers=2,opt_step_size=8,shared_output_size=243,weight_decay=0.0039691",cnnlstm,0.0016392680377328593,256,False,2,32,mcc,243,8,0.0039691296652382855,0.895572133377934,0.5990280107981187,"['sleepEfficiency', 'awakening', 'totalSleepTime', 'combined']"
b124b_00144,0.7644265294075012,0.05777100846171379,0.6318359375,0.2912009060382843,6.887781381607056,True,,,100,0b3b69012ed44e9180b64a2923ce91ce,2021-10-12_04-25-58,1634001958,681.554131269455,15017,crimv3srv041,10.141.0.35,681.554131269455,0,100,"144_batch_size=32,bidirectional=False,dropout_inner_layers=0.68355,dropout_input_layers=0.54942,hidden_dim=64,learning_rate=5.1533e-06,monitor=loss,num_layers=1,opt_step_size=4,shared_output_size=73,weight_decay=0.00019426",cnnlstm,5.1532573366941694e-06,32,False,1,64,loss,73,4,0.00019426052980246777,0.549419359795742,0.6835488831150343,"['sleepEfficiency', 'awakening', 'totalSleepTime', 'combined']"
b124b_00145,1.4801499843597412,0.3387238085269928,0.6533203125,0.5193420052528381,6.335702419281006,True,,,20,f02d9bf8fa604b998150487ddcb10e71,2021-10-12_04-28-21,1634002101,139.76905798912048,134301,crimv3srv041,10.141.0.35,139.76905798912048,0,20,"145_batch_size=32,bidirectional=True,dropout_inner_layers=0.35439,dropout_input_layers=0.44231,hidden_dim=64,learning_rate=0.00077961,monitor=mcc,num_layers=1,opt_step_size=18,shared_output_size=46,weight_decay=2.1919e-05",cnnlstm,0.0007796057229738072,32,True,1,64,mcc,46,18,2.1919345547767498e-05,0.4423051569955845,0.3543855371193565,"['sleepEfficiency', 'awakening', 'totalSleepTime', 'combined']"
b124b_00146,0.7952941656112671,0.3145729601383209,0.6578776240348816,0.4513007402420044,4.756033182144165,True,,,11,ff8d888bf79e4e02b1b06444a68c1973,2021-10-12_04-29-26,1634002166,61.840468883514404,161529,crimv3srv041,10.141.0.35,61.840468883514404,0,11,"146_batch_size=128,bidirectional=True,dropout_inner_layers=0.20205,dropout_input_layers=0.27665,hidden_dim=256,learning_rate=0.0011753,monitor=loss,num_layers=2,opt_step_size=15,shared_output_size=98,weight_decay=0.0013709",cnnlstm,0.0011753323633750137,128,True,2,256,loss,98,15,0.0013708593048661372,0.2766461303476484,0.20204610393368416,"['sleepEfficiency', 'awakening', 'totalSleepTime', 'combined']"
b124b_00147,0.8143118619918823,0.29752910137176514,0.6578776240348816,0.4419359564781189,6.430058717727661,True,,,11,5dc8382f82174d8c86ad1d0f0a69a507,2021-10-12_04-30-48,1634002248,78.68999147415161,176978,crimv3srv041,10.141.0.35,78.68999147415161,0,11,"147_batch_size=32,bidirectional=False,dropout_inner_layers=0.72933,dropout_input_layers=0.28273,hidden_dim=256,learning_rate=0.00025814,monitor=loss,num_layers=1,opt_step_size=19,shared_output_size=60,weight_decay=0.0003606",cnnlstm,0.00025813824157301207,32,False,1,256,loss,60,19,0.00036059642560227665,0.2827341521770198,0.7293284876678455,"['sleepEfficiency', 'awakening', 'totalSleepTime', 'combined']"
b124b_00148,0.7679439783096313,0.06516879796981812,0.6360676884651184,0.2934124767780304,5.206261396408081,True,,,19,175d2319185f4c8893a3285b12b6286e,2021-10-12_04-32-37,1634002357,103.90030837059021,194980,crimv3srv041,10.141.0.35,103.90030837059021,0,19,"148_batch_size=64,bidirectional=True,dropout_inner_layers=0.62582,dropout_input_layers=0.35929,hidden_dim=64,learning_rate=0.025652,monitor=loss,num_layers=1,opt_step_size=1,shared_output_size=25,weight_decay=3.9852e-05",cnnlstm,0.025651817905010525,64,True,1,64,loss,25,1,3.9851863064541406e-05,0.3592942440406136,0.6258200214540357,"['sleepEfficiency', 'awakening', 'totalSleepTime', 'combined']"
b124b_00149,0.7574781775474548,0.23559342324733734,0.6204426884651184,0.3921552896499634,4.537753343582153,True,,,46,d3694d40d06148ea9dfc4e5b242f6659,2021-10-12_04-36-30,1634002590,229.31031584739685,223662,crimv3srv041,10.141.0.35,229.31031584739685,0,46,"149_batch_size=128,bidirectional=False,dropout_inner_layers=0.36538,dropout_input_layers=0.29541,hidden_dim=64,learning_rate=5.093e-05,monitor=loss,num_layers=1,opt_step_size=19,shared_output_size=11,weight_decay=0.00044737",cnnlstm,5.093034654304327e-05,128,False,1,64,loss,11,19,0.0004473730453294243,0.2954136549412322,0.36537865738480024,"['sleepEfficiency', 'awakening', 'totalSleepTime', 'combined']"
b124b_00150,0.8424690961837769,0.0,0.6223958134651184,0.2531925439834595,4.912773132324219,True,,,16,84ad2a841abb4a38a75ce8984b4bbd31,2021-10-12_04-38-04,1634002684,90.06049919128418,293565,crimv3srv041,10.141.0.35,90.06049919128418,0,16,"150_batch_size=64,bidirectional=False,dropout_inner_layers=0.77123,dropout_input_layers=0.96355,hidden_dim=512,learning_rate=0.030417,monitor=loss,num_layers=1,opt_step_size=9,shared_output_size=230,weight_decay=0.0049823",cnnlstm,0.030417011121201237,64,False,1,512,loss,230,9,0.004982333463638358,0.9635478131277034,0.7712298816853241,"['sleepEfficiency', 'awakening', 'totalSleepTime', 'combined']"
b124b_00151,0.7577411532402039,0.17444850504398346,0.6233723759651184,0.3591485023498535,4.92695951461792,True,,,35,5f5f8d314551435abc486c1c4d5d9c8f,2021-10-12_04-41-09,1634002869,181.22425031661987,319994,crimv3srv041,10.141.0.35,181.22425031661987,0,35,"151_batch_size=256,bidirectional=False,dropout_inner_layers=0.78415,dropout_input_layers=0.9257,hidden_dim=128,learning_rate=0.0001904,monitor=mcc,num_layers=1,opt_step_size=3,shared_output_size=193,weight_decay=4.5436e-05",cnnlstm,0.00019040441163846388,256,False,1,128,mcc,193,3,4.543643886906789e-05,0.9256963408271387,0.7841532670253473,"['sleepEfficiency', 'awakening', 'totalSleepTime', 'combined']"
