trial_id,loss,mcc,acc,macroF1,time_this_iter_s,done,timesteps_total,episodes_total,training_iteration,experiment_id,date,timestamp,time_total_s,pid,hostname,node_ip,time_since_restore,timesteps_since_restore,iterations_since_restore,experiment_tag,config.structure,config.learning_rate,config.batch_size,config.bidirectional,config.num_layers,config.hidden_dim,config.monitor,config.shared_output_size,config.opt_step_size,config.weight_decay,config.dropout_input_layers,config.dropout_inner_layers,config.sleep_metrics
6a348_00000,0.7754433155059814,0.11190178245306015,0.6337890625,0.31766605377197266,7.744701385498047,True,,,15,d2fc02a6e14c4305987173873a81b849,2021-10-07_18-53-11,1633621991,108.88183689117432,303282,crimv3srv041,10.141.0.35,108.88183689117432,0,15,"0_batch_size=128,bidirectional=True,dropout_inner_layers=0.67655,dropout_input_layers=0.30675,hidden_dim=128,learning_rate=0.013017,monitor=loss,num_layers=1,opt_step_size=1,shared_output_size=45,weight_decay=0.00070108",cnnlstm,0.013017161132821873,128,True,1,128,loss,45,1,0.0007010775407664441,0.30674640737530123,0.6765545811100547,"['sleepEfficiency', 'awakening', 'totalSleepTime', 'combined']"
6a348_00001,0.7959960103034973,0.07818520814180374,0.6350911259651184,0.2992837429046631,8.49209713935852,True,,,10,8b118f60ff6f4606b2b09aaceefebca9,2021-10-07_18-54-46,1633622086,91.11779022216797,303296,crimv3srv041,10.141.0.35,91.11779022216797,0,10,"1_batch_size=64,bidirectional=True,dropout_inner_layers=0.21539,dropout_input_layers=0.92641,hidden_dim=512,learning_rate=0.012137,monitor=loss,num_layers=2,opt_step_size=17,shared_output_size=201,weight_decay=0.00089505",cnnlstm,0.012136635283732787,64,True,2,512,loss,201,17,0.0008950494286611958,0.9264090179630018,0.21539044207712454,"['sleepEfficiency', 'awakening', 'totalSleepTime', 'combined']"
6a348_00002,0.8434404134750366,0.0,0.6223958134651184,0.2531925439834595,8.075534105300903,True,,,8,28a67ce3bfb04c3c8de340a71ef7a4c1,2021-10-07_18-56-06,1633622166,76.6210572719574,303324,crimv3srv041,10.141.0.35,76.6210572719574,0,8,"2_batch_size=64,bidirectional=True,dropout_inner_layers=0.6819,dropout_input_layers=0.80978,hidden_dim=128,learning_rate=0.029753,monitor=loss,num_layers=1,opt_step_size=11,shared_output_size=183,weight_decay=5.4957e-05",cnnlstm,0.029752550656071654,64,True,1,128,loss,183,11,5.4956862898088405e-05,0.8097783451689431,0.6819027626403139,"['sleepEfficiency', 'awakening', 'totalSleepTime', 'combined']"
6a348_00003,0.7690883278846741,0.09323792159557343,0.638671875,0.33710193634033203,9.328348398208618,True,,,6,95f30060ee6143be9fba8485ef460e20,2021-10-07_18-57-06,1633622226,57.48370170593262,303280,crimv3srv041,10.141.0.35,57.48370170593262,0,6,"3_batch_size=64,bidirectional=True,dropout_inner_layers=0.20285,dropout_input_layers=0.44433,hidden_dim=64,learning_rate=0.020799,monitor=mcc,num_layers=2,opt_step_size=19,shared_output_size=224,weight_decay=0.0021388",cnnlstm,0.020799267561578016,64,True,2,64,mcc,224,19,0.0021388378746874186,0.4443254140021672,0.20284987298193846,"['sleepEfficiency', 'awakening', 'totalSleepTime', 'combined']"
6a348_00004,0.9085556268692017,0.0,0.6223958134651184,0.2531925439834595,8.009474515914917,True,,,6,6ec20383dc904f46934fec3e921cbcf5,2021-10-07_18-58-05,1633622285,55.59390330314636,303328,crimv3srv041,10.141.0.35,55.59390330314636,0,6,"4_batch_size=64,bidirectional=True,dropout_inner_layers=0.27249,dropout_input_layers=0.10139,hidden_dim=256,learning_rate=2.1589e-05,monitor=mcc,num_layers=2,opt_step_size=10,shared_output_size=61,weight_decay=4.0995e-05",cnnlstm,2.1588843091580057e-05,64,True,2,256,mcc,61,10,4.099476646205083e-05,0.1013933449856883,0.2724907206174253,"['sleepEfficiency', 'awakening', 'totalSleepTime', 'combined']"
6a348_00005,0.8260618448257446,0.0,0.6223958134651184,0.2531925439834595,8.442534685134888,True,,,6,cf1b08f21e3347c98d41fcd35081478e,2021-10-07_18-59-07,1633622347,59.56403589248657,303300,crimv3srv041,10.141.0.35,59.56403589248657,0,6,"5_batch_size=64,bidirectional=True,dropout_inner_layers=0.34676,dropout_input_layers=0.87597,hidden_dim=1024,learning_rate=7.1087e-05,monitor=mcc,num_layers=2,opt_step_size=13,shared_output_size=41,weight_decay=0.0020071",cnnlstm,7.108712737650887e-05,64,True,2,1024,mcc,41,13,0.002007072953417184,0.8759736398468798,0.3467581652676325,"['sleepEfficiency', 'awakening', 'totalSleepTime', 'combined']"
6a348_00006,0.8429827690124512,0.0,0.6223958134651184,0.2531925439834595,13.491017580032349,True,,,6,c6aa6ea47da74c21938b177b2383798e,2021-10-07_19-00-32,1633622432,81.29430866241455,303283,crimv3srv041,10.141.0.35,81.29430866241455,0,6,"6_batch_size=32,bidirectional=False,dropout_inner_layers=0.29093,dropout_input_layers=0.89089,hidden_dim=128,learning_rate=0.034934,monitor=mcc,num_layers=1,opt_step_size=18,shared_output_size=162,weight_decay=1.8551e-05",cnnlstm,0.03493362237892505,32,False,1,128,mcc,162,18,1.8550737647578826e-05,0.8908915178672348,0.29093026836060254,"['sleepEfficiency', 'awakening', 'totalSleepTime', 'combined']"
6a348_00007,0.9438560009002686,0.009610217995941639,0.5432942509651184,0.2306562215089798,7.999781608581543,True,,,8,266462b0433d481a8e374e4b77436bdf,2021-10-07_19-01-47,1633622507,71.27240061759949,303288,crimv3srv041,10.141.0.35,71.27240061759949,0,8,"7_batch_size=64,bidirectional=True,dropout_inner_layers=0.86097,dropout_input_layers=0.24034,hidden_dim=1024,learning_rate=5.0836e-05,monitor=mcc,num_layers=1,opt_step_size=8,shared_output_size=180,weight_decay=0.0027355",cnnlstm,5.083584807396122e-05,64,True,1,1024,mcc,180,8,0.0027355243818109236,0.2403397568365021,0.8609728457852719,"['sleepEfficiency', 'awakening', 'totalSleepTime', 'combined']"
6a348_00008,0.8381050229072571,0.0,0.6223958134651184,0.2531925439834595,12.862410068511963,True,,,100,48bb605bd04b4713bcc23124c723f91d,2021-10-07_19-22-32,1633623752,1240.9473583698273,303279,crimv3srv041,10.141.0.35,1240.9473583698273,0,100,"8_batch_size=32,bidirectional=False,dropout_inner_layers=0.13349,dropout_input_layers=0.47032,hidden_dim=1024,learning_rate=2.5088e-06,monitor=loss,num_layers=1,opt_step_size=10,shared_output_size=71,weight_decay=2.0176e-05",cnnlstm,2.5087963577616307e-06,32,False,1,1024,loss,71,10,2.0176077154438496e-05,0.4703167047570157,0.1334859798134993,"['sleepEfficiency', 'awakening', 'totalSleepTime', 'combined']"
6a348_00009,0.8930713534355164,0.035872139036655426,0.6279296875,0.26998206973075867,12.074225425720215,True,,,100,3f3ae91f215b4c5589699e76eadb9bff,2021-10-07_19-42-58,1633624978,1223.6030049324036,303315,crimv3srv041,10.141.0.35,1223.6030049324036,0,100,"9_batch_size=32,bidirectional=True,dropout_inner_layers=0.85649,dropout_input_layers=0.93875,hidden_dim=64,learning_rate=9.4815e-06,monitor=loss,num_layers=2,opt_step_size=15,shared_output_size=146,weight_decay=2.9383e-05",cnnlstm,9.481511585070198e-06,32,True,2,64,loss,146,15,2.9382729371429028e-05,0.9387519407637762,0.8564930907992666,"['sleepEfficiency', 'awakening', 'totalSleepTime', 'combined']"
6a348_00010,0.8450214266777039,0.0,0.6223958134651184,0.2531925439834595,12.029026508331299,True,,,6,03e32e0bdc1e4de99a3af6e39220aadb,2021-10-07_19-44-19,1633625059,76.95574188232422,303306,crimv3srv041,10.141.0.35,76.95574188232422,0,6,"10_batch_size=32,bidirectional=False,dropout_inner_layers=0.31148,dropout_input_layers=0.94744,hidden_dim=32,learning_rate=0.029177,monitor=mcc,num_layers=2,opt_step_size=18,shared_output_size=213,weight_decay=0.0057793",cnnlstm,0.02917696470723775,32,False,2,32,mcc,213,18,0.005779347441590136,0.9474414929358336,0.3114782527859452,"['sleepEfficiency', 'awakening', 'totalSleepTime', 'combined']"
6a348_00011,0.7257983684539795,0.3207681179046631,0.6634114384651184,0.496272474527359,7.7485551834106445,True,,,23,4654377b902b428f98aa15028f219a41,2021-10-07_19-47-33,1633625253,189.7884840965271,303319,crimv3srv041,10.141.0.35,189.7884840965271,0,23,"11_batch_size=64,bidirectional=False,dropout_inner_layers=0.13141,dropout_input_layers=0.36753,hidden_dim=64,learning_rate=0.00011681,monitor=loss,num_layers=1,opt_step_size=9,shared_output_size=90,weight_decay=0.00049962",cnnlstm,0.00011680872052066324,64,False,1,64,loss,90,9,0.0004996154079666943,0.36752523096702316,0.1314119862654448,"['sleepEfficiency', 'awakening', 'totalSleepTime', 'combined']"
6a348_00012,0.8260353207588196,0.0,0.6223958134651184,0.2531925439834595,5.934641122817993,True,,,7,081ffc04a70e4d9da27612b66f76d80e,2021-10-07_19-48-29,1633625309,52.83173131942749,303277,crimv3srv041,10.141.0.35,52.83173131942749,0,7,"12_batch_size=256,bidirectional=True,dropout_inner_layers=0.6435,dropout_input_layers=0.059079,hidden_dim=256,learning_rate=0.00023752,monitor=mcc,num_layers=2,opt_step_size=10,shared_output_size=41,weight_decay=1.3104e-05",cnnlstm,0.00023752377335334453,256,True,2,256,mcc,41,10,1.3104193770289992e-05,0.059079210872302834,0.6435037707815517,"['sleepEfficiency', 'awakening', 'totalSleepTime', 'combined']"
6a348_00013,0.8291977643966675,0.0,0.6223958134651184,0.2531925439834595,6.213078022003174,True,,,9,00fba1bb2dd0479c94e031a5ccd7a483,2021-10-07_19-49-35,1633625375,62.91890549659729,303276,crimv3srv041,10.141.0.35,62.91890549659729,0,9,"13_batch_size=256,bidirectional=True,dropout_inner_layers=0.30473,dropout_input_layers=0.99176,hidden_dim=256,learning_rate=0.036407,monitor=loss,num_layers=1,opt_step_size=12,shared_output_size=186,weight_decay=0.0037265",cnnlstm,0.03640661512244066,256,True,1,256,loss,186,12,0.0037265361064726193,0.9917596844096526,0.3047300720956271,"['sleepEfficiency', 'awakening', 'totalSleepTime', 'combined']"
6a348_00014,0.7538239359855652,0.3636792004108429,0.6875,0.5399846434593201,8.124375104904175,True,,,11,bc055961c8e645ab9cce069bfbf87c2e,2021-10-07_19-51-18,1633625478,99.18514704704285,303274,crimv3srv041,10.141.0.35,99.18514704704285,0,11,"14_batch_size=64,bidirectional=True,dropout_inner_layers=0.36024,dropout_input_layers=0.040106,hidden_dim=32,learning_rate=0.0027352,monitor=mcc,num_layers=2,opt_step_size=11,shared_output_size=213,weight_decay=0.00029806",cnnlstm,0.002735200506096745,64,True,2,32,mcc,213,11,0.0002980576485256529,0.04010572570741133,0.36023606742918934,"['sleepEfficiency', 'awakening', 'totalSleepTime', 'combined']"
6a348_00015,0.8429476618766785,0.04630420356988907,0.6311848759651184,0.2776322662830353,11.256276845932007,True,,,22,6239ae6c4e17491d9aaeb6f9dfb22745,2021-10-07_19-55-58,1633625758,276.06572818756104,303275,crimv3srv041,10.141.0.35,276.06572818756104,0,22,"15_batch_size=32,bidirectional=True,dropout_inner_layers=0.87431,dropout_input_layers=0.49658,hidden_dim=32,learning_rate=6.7967e-05,monitor=loss,num_layers=1,opt_step_size=6,shared_output_size=67,weight_decay=4.4212e-05",cnnlstm,6.79667797115977e-05,32,True,1,32,loss,67,6,4.421242107873688e-05,0.4965765247605025,0.874309768578352,"['sleepEfficiency', 'awakening', 'totalSleepTime', 'combined']"
6a348_00016,1.0730704069137573,0.0,0.4700520932674408,0.2055085003376007,6.79839825630188,True,,,6,7a9b540ddae243c5908943749157611f,2021-10-07_19-56-48,1633625808,46.809311389923096,303321,crimv3srv041,10.141.0.35,46.809311389923096,0,6,"16_batch_size=128,bidirectional=False,dropout_inner_layers=0.99745,dropout_input_layers=0.35114,hidden_dim=512,learning_rate=7.0773e-06,monitor=mcc,num_layers=2,opt_step_size=4,shared_output_size=7,weight_decay=1.443e-05",cnnlstm,7.0772824202206395e-06,128,False,2,512,mcc,7,4,1.4429840249211694e-05,0.35113780018111107,0.997452109470255,"['sleepEfficiency', 'awakening', 'totalSleepTime', 'combined']"
6a348_00017,1.064898133277893,0.0,0.5006510615348816,0.20567560195922852,5.909304618835449,True,,,6,85328e5ce0cc4e17b7387bc7d79635cd,2021-10-07_19-57-34,1633625854,43.32451510429382,303327,crimv3srv041,10.141.0.35,43.32451510429382,0,6,"17_batch_size=256,bidirectional=False,dropout_inner_layers=0.99564,dropout_input_layers=0.036916,hidden_dim=1024,learning_rate=8.1125e-06,monitor=mcc,num_layers=1,opt_step_size=17,shared_output_size=65,weight_decay=5.098e-05",cnnlstm,8.112454530940575e-06,256,False,1,1024,mcc,65,17,5.098003977774826e-05,0.03691582811501759,0.995635329159446,"['sleepEfficiency', 'awakening', 'totalSleepTime', 'combined']"
6a348_00018,0.7259566783905029,0.3178737163543701,0.6604817509651184,0.4831881821155548,11.33409070968628,True,,,27,c467f9752b4949f4b78ba96fb21653f5,2021-10-07_20-03-08,1633626188,330.3643956184387,303293,crimv3srv041,10.141.0.35,330.3643956184387,0,27,"18_batch_size=32,bidirectional=True,dropout_inner_layers=0.25577,dropout_input_layers=0.72204,hidden_dim=512,learning_rate=8.8616e-05,monitor=loss,num_layers=2,opt_step_size=4,shared_output_size=214,weight_decay=0.00011521",cnnlstm,8.86159215845523e-05,32,True,2,512,loss,214,4,0.0001152055997588303,0.7220405729134304,0.2557711871071252,"['sleepEfficiency', 'awakening', 'totalSleepTime', 'combined']"
6a348_00019,0.8456564545631409,0.0,0.6223958134651184,0.2531925439834595,7.882047414779663,True,,,100,720f1e6f007542ee891011160b1fbef0,2021-10-07_20-17-21,1633627041,849.5573420524597,303313,crimv3srv041,10.141.0.35,849.5573420524597,0,100,"19_batch_size=64,bidirectional=True,dropout_inner_layers=0.028118,dropout_input_layers=0.85275,hidden_dim=32,learning_rate=1.958e-06,monitor=loss,num_layers=1,opt_step_size=12,shared_output_size=203,weight_decay=0.00014212",cnnlstm,1.9580224668703633e-06,64,True,1,32,loss,203,12,0.00014211979961430748,0.8527484567751561,0.028118084879567018,"['sleepEfficiency', 'awakening', 'totalSleepTime', 'combined']"
6a348_00020,1.1331008672714233,0.0,0.2779947817325592,0.14009639620780945,6.522184610366821,True,,,6,b41f2b367576427d9652a338ed4d9f5d,2021-10-07_20-18-09,1633627089,44.73034310340881,303295,crimv3srv041,10.141.0.35,44.73034310340881,0,6,"20_batch_size=256,bidirectional=True,dropout_inner_layers=0.32631,dropout_input_layers=0.65438,hidden_dim=512,learning_rate=6.9199e-06,monitor=mcc,num_layers=1,opt_step_size=13,shared_output_size=168,weight_decay=0.0060725",cnnlstm,6.919868452333539e-06,256,True,1,512,mcc,168,13,0.0060724939731778,0.6543815605508929,0.3263118550551749,"['sleepEfficiency', 'awakening', 'totalSleepTime', 'combined']"
6a348_00021,0.9560042023658752,0.355918288230896,0.6829426884651184,0.5494299530982971,7.6398985385894775,True,,,13,230d6d7574194acb930f56881633b2be,2021-10-07_20-19-45,1633627185,93.35646462440491,303285,crimv3srv041,10.141.0.35,93.35646462440491,0,13,"21_batch_size=128,bidirectional=False,dropout_inner_layers=0.0174,dropout_input_layers=0.75432,hidden_dim=64,learning_rate=0.0016296,monitor=mcc,num_layers=2,opt_step_size=5,shared_output_size=97,weight_decay=0.0067535",cnnlstm,0.0016296426019515396,128,False,2,64,mcc,97,5,0.006753480202928392,0.7543236191724518,0.01739957612481624,"['sleepEfficiency', 'awakening', 'totalSleepTime', 'combined']"
6a348_00022,0.9179014563560486,0.07539846748113632,0.6168619990348816,0.2883950173854828,11.757784366607666,True,,,6,88c012d139c1487497fe941947f840ec,2021-10-07_20-21-07,1633627267,77.35414218902588,303298,crimv3srv041,10.141.0.35,77.35414218902588,0,6,"22_batch_size=32,bidirectional=False,dropout_inner_layers=0.84762,dropout_input_layers=0.46403,hidden_dim=1024,learning_rate=0.0009543,monitor=loss,num_layers=1,opt_step_size=16,shared_output_size=101,weight_decay=0.00085717",cnnlstm,0.0009543042523999977,32,False,1,1024,loss,101,16,0.0008571676190758999,0.46403085907274144,0.8476151765695492,"['sleepEfficiency', 'awakening', 'totalSleepTime', 'combined']"
6a348_00023,0.72416752576828,0.32258257269859314,0.6637369990348816,0.4542120397090912,12.417184591293335,True,,,23,bc92b187836849538d66896fd495913c,2021-10-07_20-25-59,1633627559,288.68547201156616,303290,crimv3srv041,10.141.0.35,288.68547201156616,0,23,"23_batch_size=32,bidirectional=False,dropout_inner_layers=0.12019,dropout_input_layers=0.66691,hidden_dim=32,learning_rate=9.0932e-05,monitor=mcc,num_layers=1,opt_step_size=18,shared_output_size=64,weight_decay=0.0090305",cnnlstm,9.093163006686061e-05,32,False,1,32,mcc,64,18,0.009030496638398071,0.6669065603120332,0.12019042232260235,"['sleepEfficiency', 'awakening', 'totalSleepTime', 'combined']"
6a348_00024,0.8002519607543945,0.06034261733293533,0.6350911259651184,0.2902727723121643,7.056239366531372,True,,,11,45fb757066e74793acb626ff22ed488b,2021-10-07_20-27-25,1633627645,82.65156984329224,303291,crimv3srv041,10.141.0.35,82.65156984329224,0,11,"24_batch_size=128,bidirectional=False,dropout_inner_layers=0.80669,dropout_input_layers=0.49505,hidden_dim=1024,learning_rate=0.012407,monitor=mcc,num_layers=2,opt_step_size=18,shared_output_size=53,weight_decay=0.0010913",cnnlstm,0.01240680436554772,128,False,2,1024,mcc,53,18,0.0010913472695822856,0.4950452645951908,0.8066939252336972,"['sleepEfficiency', 'awakening', 'totalSleepTime', 'combined']"
6a348_00025,0.7378582954406738,0.2334648072719574,0.6490885615348816,0.37946248054504395,6.666169881820679,True,,,89,cd99dd8cd0ae4161b17f2c731db817bd,2021-10-07_20-37-29,1633628249,601.4901399612427,303323,crimv3srv041,10.141.0.35,601.4901399612427,0,89,"25_batch_size=128,bidirectional=True,dropout_inner_layers=0.61313,dropout_input_layers=0.34389,hidden_dim=512,learning_rate=3.813e-05,monitor=loss,num_layers=1,opt_step_size=18,shared_output_size=92,weight_decay=0.0038764",cnnlstm,3.81304403025657e-05,128,True,1,512,loss,92,18,0.0038763769397756128,0.3438898587496363,0.6131266285757309,"['sleepEfficiency', 'awakening', 'totalSleepTime', 'combined']"
6a348_00026,0.7221564054489136,0.3301733732223511,0.6731770634651184,0.48781532049179077,12.143517255783081,True,,,43,08b02df5c974465982472cf6fa0aa66b,2021-10-07_20-46-18,1633628778,524.8799321651459,303311,crimv3srv041,10.141.0.35,524.8799321651459,0,43,"26_batch_size=32,bidirectional=False,dropout_inner_layers=0.18574,dropout_input_layers=0.7985,hidden_dim=64,learning_rate=4.4138e-05,monitor=loss,num_layers=2,opt_step_size=6,shared_output_size=82,weight_decay=0.0074696",cnnlstm,4.413759533481854e-05,32,False,2,64,loss,82,6,0.0074696009166513675,0.7985017109524144,0.18574450845024637,"['sleepEfficiency', 'awakening', 'totalSleepTime', 'combined']"
6a348_00027,1.1049222946166992,0.0,0.4371744692325592,0.1812465339899063,5.780423402786255,True,,,6,a129359ed9464208a0f4a7e96a56db7a,2021-10-07_20-47-04,1633628824,42.8036208152771,303303,crimv3srv041,10.141.0.35,42.8036208152771,0,6,"27_batch_size=256,bidirectional=True,dropout_inner_layers=0.045758,dropout_input_layers=0.22767,hidden_dim=256,learning_rate=1.8175e-06,monitor=mcc,num_layers=1,opt_step_size=4,shared_output_size=126,weight_decay=0.00042446",cnnlstm,1.817470491346711e-06,256,True,1,256,mcc,126,4,0.0004244576784067509,0.22767049933156902,0.04575813645735327,"['sleepEfficiency', 'awakening', 'totalSleepTime', 'combined']"
6a348_00028,0.9119952321052551,0.27353861927986145,0.6461588740348816,0.43875548243522644,8.476850986480713,True,,,19,a9466575091b4e739c9f843e0e1c322b,2021-10-07_20-49-52,1633628992,165.7770481109619,303317,crimv3srv041,10.141.0.35,165.7770481109619,0,19,"28_batch_size=64,bidirectional=False,dropout_inner_layers=0.49528,dropout_input_layers=0.25581,hidden_dim=256,learning_rate=0.0074544,monitor=mcc,num_layers=2,opt_step_size=3,shared_output_size=147,weight_decay=2.5079e-05",cnnlstm,0.007454427918307665,64,False,2,256,mcc,147,3,2.5079127617281256e-05,0.25580687186098006,0.4952849764655646,"['sleepEfficiency', 'awakening', 'totalSleepTime', 'combined']"
6a348_00029,1.0921611785888672,0.0,0.4046224057674408,0.17437636852264404,8.340481042861938,True,,,6,79aafe30d08241139334603ce1064885,2021-10-07_20-50-54,1633629054,58.55754256248474,303301,crimv3srv041,10.141.0.35,58.55754256248474,0,6,"29_batch_size=64,bidirectional=False,dropout_inner_layers=0.10959,dropout_input_layers=0.58898,hidden_dim=32,learning_rate=1.9788e-06,monitor=mcc,num_layers=1,opt_step_size=18,shared_output_size=39,weight_decay=0.00022703",cnnlstm,1.978752202003492e-06,64,False,1,32,mcc,39,18,0.00022703108656162553,0.5889775973141963,0.10959330317373606,"['sleepEfficiency', 'awakening', 'totalSleepTime', 'combined']"
6a348_00030,1.0799906253814697,-0.00041981879621744156,0.4879557192325592,0.20724232494831085,6.3963782787323,True,,,100,4cc954ae99594798b7ae2dde1163a8f5,2021-10-07_21-02-20,1633629740,682.8164935112,303281,crimv3srv041,10.141.0.35,682.8164935112,0,100,"30_batch_size=128,bidirectional=True,dropout_inner_layers=0.061917,dropout_input_layers=0.46717,hidden_dim=32,learning_rate=1.6618e-06,monitor=loss,num_layers=1,opt_step_size=5,shared_output_size=69,weight_decay=5.6541e-05",cnnlstm,1.6617615190512664e-06,128,True,1,32,loss,69,5,5.654070747541096e-05,0.46716910623438046,0.06191656201622486,"['sleepEfficiency', 'awakening', 'totalSleepTime', 'combined']"
6a348_00031,0.8721627593040466,0.0,0.6223958134651184,0.2531925439834595,8.315938234329224,True,,,6,f4a58780c1434a058c3639b264eefcd8,2021-10-07_21-03-17,1633629797,53.21437883377075,303308,crimv3srv041,10.141.0.35,53.21437883377075,0,6,"31_batch_size=64,bidirectional=False,dropout_inner_layers=0.75395,dropout_input_layers=0.44716,hidden_dim=32,learning_rate=9.2702e-05,monitor=mcc,num_layers=2,opt_step_size=17,shared_output_size=132,weight_decay=0.0011173",cnnlstm,9.270177806572808e-05,64,False,2,32,mcc,132,17,0.0011172506109678063,0.4471596072372699,0.7539495900664969,"['sleepEfficiency', 'awakening', 'totalSleepTime', 'combined']"
6a348_00032,0.830339789390564,0.3447119891643524,0.6796875,0.5143311619758606,11.187418460845947,True,,,14,0a63e8a6b2f0458dbd3bea39960793c5,2021-10-07_21-06-20,1633629980,179.6458237171173,303287,crimv3srv041,10.141.0.35,179.6458237171173,0,14,"32_batch_size=32,bidirectional=True,dropout_inner_layers=0.12869,dropout_input_layers=0.91256,hidden_dim=1024,learning_rate=0.00032894,monitor=mcc,num_layers=1,opt_step_size=8,shared_output_size=40,weight_decay=0.00048348",cnnlstm,0.00032893798992285214,32,True,1,1024,mcc,40,8,0.0004834822339096371,0.9125550274678343,0.12868665075158192,"['sleepEfficiency', 'awakening', 'totalSleepTime', 'combined']"
6a348_00033,1.0886704921722412,0.0,0.3466796875,0.15606479346752167,7.728009939193726,True,,,100,631de0613cf44f0eb9888a4164263a7c,2021-10-07_21-17-11,1633630631,648.5259301662445,303271,crimv3srv041,10.141.0.35,648.5259301662445,0,100,"33_batch_size=256,bidirectional=False,dropout_inner_layers=0.88658,dropout_input_layers=0.81772,hidden_dim=128,learning_rate=1.2334e-06,monitor=loss,num_layers=2,opt_step_size=8,shared_output_size=116,weight_decay=0.0001719",cnnlstm,1.2334415754649688e-06,256,False,2,128,loss,116,8,0.000171902238919385,0.8177205704171637,0.8865786378117408,"['sleepEfficiency', 'awakening', 'totalSleepTime', 'combined']"
6a348_00034,0.7309614419937134,0.2938990592956543,0.6673176884651184,0.4397144317626953,11.502830982208252,True,,,53,db59d302ea444ed39f399b9821bd2785,2021-10-07_21-28-06,1633631286,651.6076509952545,303278,crimv3srv041,10.141.0.35,651.6076509952545,0,53,"34_batch_size=32,bidirectional=False,dropout_inner_layers=0.46553,dropout_input_layers=0.77092,hidden_dim=256,learning_rate=4.0736e-05,monitor=loss,num_layers=1,opt_step_size=9,shared_output_size=205,weight_decay=0.0013332",cnnlstm,4.073623677603641e-05,32,False,1,256,loss,205,9,0.0013332124565406897,0.7709234471028051,0.46553003901227996,"['sleepEfficiency', 'awakening', 'totalSleepTime', 'combined']"
6a348_00035,0.9228568077087402,0.0,0.5989583134651184,0.24523834884166718,7.454895973205566,True,,,100,f931347eb87745ad9a367aa9a0ee9117,2021-10-07_21-41-57,1633632117,829.2189676761627,303273,crimv3srv041,10.141.0.35,829.2189676761627,0,100,"35_batch_size=64,bidirectional=False,dropout_inner_layers=0.82811,dropout_input_layers=0.76382,hidden_dim=1024,learning_rate=3.6398e-06,monitor=loss,num_layers=1,opt_step_size=1,shared_output_size=173,weight_decay=7.6622e-05",cnnlstm,3.6398465943674777e-06,64,False,1,1024,loss,173,1,7.662242704898587e-05,0.7638166035826334,0.828107723202685,"['sleepEfficiency', 'awakening', 'totalSleepTime', 'combined']"
6a348_00036,0.8067071437835693,0.28775283694267273,0.6611328125,0.45246046781539917,8.75987434387207,True,,,12,12bfb84bc295445f9075bf9b1467ebd2,2021-10-07_21-43-51,1633632231,110.43696546554565,303268,crimv3srv041,10.141.0.35,110.43696546554565,0,12,"36_batch_size=64,bidirectional=False,dropout_inner_layers=0.38805,dropout_input_layers=0.17806,hidden_dim=32,learning_rate=0.00047371,monitor=loss,num_layers=1,opt_step_size=18,shared_output_size=58,weight_decay=1.1682e-05",cnnlstm,0.00047370510350352334,64,False,1,32,loss,58,18,1.1682057305930328e-05,0.17806041795460315,0.3880522898976496,"['sleepEfficiency', 'awakening', 'totalSleepTime', 'combined']"
6a348_00037,0.7137708067893982,0.3050844073295593,0.6728515625,0.47105494141578674,7.555708885192871,True,,,100,804ca9b3373849958bf337787ac84951,2021-10-07_21-58-18,1633633098,864.3445103168488,303272,crimv3srv041,10.141.0.35,864.3445103168488,0,100,"37_batch_size=64,bidirectional=True,dropout_inner_layers=0.089963,dropout_input_layers=0.92758,hidden_dim=512,learning_rate=1.9019e-05,monitor=loss,num_layers=1,opt_step_size=19,shared_output_size=118,weight_decay=0.0016761",cnnlstm,1.9018754843730538e-05,64,True,1,512,loss,118,19,0.0016760809174315443,0.9275793265711773,0.08996332491639247,"['sleepEfficiency', 'awakening', 'totalSleepTime', 'combined']"
6a348_00038,0.8445712327957153,0.0,0.6223958134651184,0.2531925439834595,11.149699449539185,True,,,6,b07ef139e3de4ecca6d20528b9330ecf,2021-10-07_21-59-39,1633633179,78.5663001537323,303270,crimv3srv041,10.141.0.35,78.5663001537323,0,6,"38_batch_size=32,bidirectional=False,dropout_inner_layers=0.93138,dropout_input_layers=0.40652,hidden_dim=32,learning_rate=0.0082856,monitor=mcc,num_layers=1,opt_step_size=10,shared_output_size=34,weight_decay=1.3408e-05",cnnlstm,0.008285591445348664,32,False,1,32,mcc,34,10,1.340756416451337e-05,0.4065174836190196,0.9313755926441292,"['sleepEfficiency', 'awakening', 'totalSleepTime', 'combined']"
6a348_00039,1.171987771987915,0.0,0.2288411408662796,0.12271834164857864,5.791906118392944,True,,,6,d372baf9735246b0840235757ba4cd75,2021-10-07_22-00-27,1633633227,44.90245079994202,303266,crimv3srv041,10.141.0.35,44.90245079994202,0,6,"39_batch_size=256,bidirectional=False,dropout_inner_layers=0.99358,dropout_input_layers=0.46107,hidden_dim=256,learning_rate=1.0817e-05,monitor=mcc,num_layers=1,opt_step_size=15,shared_output_size=243,weight_decay=0.0057186",cnnlstm,1.0816669015047018e-05,256,False,1,256,mcc,243,15,0.005718587414419234,0.4610710963975585,0.9935825333627756,"['sleepEfficiency', 'awakening', 'totalSleepTime', 'combined']"
6a348_00040,0.80405592918396,0.07681145519018173,0.6409505009651184,0.298843115568161,11.936922788619995,True,,,6,a630937a9e8e4cb58216d5793f8b6bfb,2021-10-07_22-01-49,1633633309,78.94797682762146,303269,crimv3srv041,10.141.0.35,78.94797682762146,0,6,"40_batch_size=32,bidirectional=False,dropout_inner_layers=0.80423,dropout_input_layers=0.6727,hidden_dim=128,learning_rate=0.0055948,monitor=loss,num_layers=1,opt_step_size=7,shared_output_size=209,weight_decay=3.747e-05",cnnlstm,0.005594775299838417,32,False,1,128,loss,209,7,3.7470119350513886e-05,0.6726957020999336,0.8042324647172066,"['sleepEfficiency', 'awakening', 'totalSleepTime', 'combined']"
6a348_00041,0.9911977052688599,0.14932899177074432,0.6370442509651184,0.3732258081436157,8.107731103897095,True,,,20,99acb74623d84af48c9f0dcda770886e,2021-10-07_22-04-39,1633633479,167.73089861869812,303264,crimv3srv041,10.141.0.35,167.73089861869812,0,20,"41_batch_size=64,bidirectional=False,dropout_inner_layers=0.4253,dropout_input_layers=0.66933,hidden_dim=256,learning_rate=0.015311,monitor=mcc,num_layers=2,opt_step_size=3,shared_output_size=27,weight_decay=0.0025803",cnnlstm,0.015310980025163658,64,False,2,256,mcc,27,3,0.0025802507465443594,0.6693284416863653,0.4253023737945598,"['sleepEfficiency', 'awakening', 'totalSleepTime', 'combined']"
6a348_00042,0.8502200245857239,0.0,0.6223958134651184,0.2531925439834595,7.276648283004761,True,,,100,50b17089a511431d80128b4fea3b79e6,2021-10-07_22-18-17,1633634297,814.2293910980225,303265,crimv3srv041,10.141.0.35,814.2293910980225,0,100,"42_batch_size=64,bidirectional=True,dropout_inner_layers=0.83714,dropout_input_layers=0.92014,hidden_dim=256,learning_rate=1.2853e-05,monitor=loss,num_layers=2,opt_step_size=8,shared_output_size=71,weight_decay=0.00021028",cnnlstm,1.2852778157681587e-05,64,True,2,256,loss,71,8,0.00021027733636240853,0.9201379584817233,0.8371404492969746,"['sleepEfficiency', 'awakening', 'totalSleepTime', 'combined']"
6a348_00043,0.8064368367195129,0.319816529750824,0.6624348759651184,0.49661773443222046,10.784600734710693,True,,,16,23972e70e1bb46899c24580b88b525d4,2021-10-07_22-21-40,1633634500,200.747088432312,303267,crimv3srv041,10.141.0.35,200.747088432312,0,16,"43_batch_size=32,bidirectional=False,dropout_inner_layers=0.056875,dropout_input_layers=0.86912,hidden_dim=1024,learning_rate=0.0083349,monitor=mcc,num_layers=1,opt_step_size=5,shared_output_size=15,weight_decay=0.0054656",cnnlstm,0.008334891020330812,32,False,1,1024,mcc,15,5,0.005465611453744106,0.8691187772284473,0.0568747136376716,"['sleepEfficiency', 'awakening', 'totalSleepTime', 'combined']"
6a348_00044,1.1062480211257935,0.0,0.2688802182674408,0.13919319212436676,8.628427743911743,True,,,6,c36662f85481402ebd34c292ea96825b,2021-10-07_22-22-35,1633634555,51.67352104187012,303263,crimv3srv041,10.141.0.35,51.67352104187012,0,6,"44_batch_size=64,bidirectional=True,dropout_inner_layers=0.93821,dropout_input_layers=0.67352,hidden_dim=128,learning_rate=1.6653e-05,monitor=mcc,num_layers=2,opt_step_size=3,shared_output_size=128,weight_decay=0.0032887",cnnlstm,1.6653102122089046e-05,64,True,2,128,mcc,128,3,0.003288748215842992,0.6735198711580929,0.9382071069005052,"['sleepEfficiency', 'awakening', 'totalSleepTime', 'combined']"
6a348_00045,0.8424932956695557,0.0,0.6223958134651184,0.2531925439834595,11.848199129104614,True,,,13,6698e95c223742bb8f0a0d314e2f71bf,2021-10-07_22-25-14,1633634714,155.999666929245,303261,crimv3srv041,10.141.0.35,155.999666929245,0,13,"45_batch_size=32,bidirectional=False,dropout_inner_layers=0.48889,dropout_input_layers=0.50502,hidden_dim=32,learning_rate=0.042977,monitor=loss,num_layers=2,opt_step_size=15,shared_output_size=3,weight_decay=0.0087581",cnnlstm,0.04297732533082149,32,False,2,32,loss,3,15,0.008758111259727445,0.5050166210899116,0.48889089022447885,"['sleepEfficiency', 'awakening', 'totalSleepTime', 'combined']"
6a348_00046,1.0649417638778687,0.0,0.3668619692325592,0.1633514016866684,7.347556829452515,True,,,6,cb019622355c4ae787745b1bab5eb8d0,2021-10-07_22-26-10,1633634770,52.8630313873291,303262,crimv3srv041,10.141.0.35,52.8630313873291,0,6,"46_batch_size=64,bidirectional=False,dropout_inner_layers=0.29257,dropout_input_layers=0.99235,hidden_dim=512,learning_rate=5.0032e-06,monitor=mcc,num_layers=2,opt_step_size=16,shared_output_size=210,weight_decay=0.0061261",cnnlstm,5.0032176979663705e-06,64,False,2,512,mcc,210,16,0.006126098712254109,0.9923520709833613,0.29256687400585035,"['sleepEfficiency', 'awakening', 'totalSleepTime', 'combined']"
6a348_00047,0.8448067903518677,0.0,0.6223958134651184,0.2531925439834595,7.846366882324219,True,,,6,2a12c126aac54866a93fae7ecfb0f697,2021-10-07_22-27-05,1633634825,52.093279123306274,303260,crimv3srv041,10.141.0.35,52.093279123306274,0,6,"47_batch_size=64,bidirectional=False,dropout_inner_layers=0.51074,dropout_input_layers=0.7703,hidden_dim=64,learning_rate=0.066127,monitor=mcc,num_layers=1,opt_step_size=18,shared_output_size=252,weight_decay=0.0086625",cnnlstm,0.06612707523294505,64,False,1,64,mcc,252,18,0.00866251620584856,0.7703031206616509,0.5107429883951861,"['sleepEfficiency', 'awakening', 'totalSleepTime', 'combined']"
6a348_00048,0.7912929654121399,0.3445357084274292,0.6803385615348816,0.5088540315628052,5.901369571685791,True,,,16,7699653fba9343d8808c34acbeb54c4f,2021-10-07_22-28-50,1633634930,102.56344151496887,78978,crimv3srv041,10.141.0.35,102.56344151496887,0,16,"48_batch_size=256,bidirectional=True,dropout_inner_layers=0.1449,dropout_input_layers=0.070726,hidden_dim=128,learning_rate=0.00089349,monitor=loss,num_layers=1,opt_step_size=4,shared_output_size=46,weight_decay=0.00070064",cnnlstm,0.000893488944591282,256,True,1,128,loss,46,4,0.0007006383530694181,0.07072550480262718,0.14489604252254973,"['sleepEfficiency', 'awakening', 'totalSleepTime', 'combined']"
6a348_00049,0.8634485602378845,0.22357483208179474,0.5940755009651184,0.3806898295879364,11.152827501296997,True,,,20,975e3bfe1d944971b71a29f0ee85e83f,2021-10-07_22-32-45,1633635165,231.06399583816528,107948,crimv3srv041,10.141.0.35,231.06399583816528,0,20,"49_batch_size=32,bidirectional=True,dropout_inner_layers=0.76148,dropout_input_layers=0.78968,hidden_dim=32,learning_rate=0.000446,monitor=mcc,num_layers=2,opt_step_size=11,shared_output_size=110,weight_decay=1.0115e-05",cnnlstm,0.00044600418355861076,32,True,2,32,mcc,110,11,1.0114778764905703e-05,0.7896830328295013,0.7614787990795993,"['sleepEfficiency', 'awakening', 'totalSleepTime', 'combined']"
6a348_00050,0.862426221370697,0.0,0.6223958134651184,0.2531925439834595,10.823792695999146,True,,,6,ba8f46afd3da4788b4808ca34ddc608e,2021-10-07_22-34-02,1633635242,73.22447752952576,155812,crimv3srv041,10.141.0.35,73.22447752952576,0,6,"50_batch_size=32,bidirectional=False,dropout_inner_layers=0.72361,dropout_input_layers=0.64152,hidden_dim=256,learning_rate=5.1472e-05,monitor=mcc,num_layers=2,opt_step_size=11,shared_output_size=42,weight_decay=3.3294e-05",cnnlstm,5.1471863894630605e-05,32,False,2,256,mcc,42,11,3.329443807278859e-05,0.6415191107723226,0.7236057355463518,"['sleepEfficiency', 'awakening', 'totalSleepTime', 'combined']"
6a348_00051,0.7847627997398376,0.3096122741699219,0.6585286259651184,0.46910983324050903,10.381194114685059,True,,,15,23c1058385b0405c970af65881d96e4d,2021-10-07_22-37-00,1633635420,173.32574725151062,172113,crimv3srv041,10.141.0.35,173.32574725151062,0,15,"51_batch_size=32,bidirectional=False,dropout_inner_layers=0.60091,dropout_input_layers=0.42163,hidden_dim=512,learning_rate=0.00029986,monitor=loss,num_layers=2,opt_step_size=16,shared_output_size=49,weight_decay=0.0018686",cnnlstm,0.0002998558935631649,32,False,2,512,loss,49,16,0.0018685716493115922,0.42163333417748194,0.6009090858000983,"['sleepEfficiency', 'awakening', 'totalSleepTime', 'combined']"
6a348_00052,0.7490851283073425,0.25852489471435547,0.658203125,0.4435746371746063,6.73188853263855,True,,,12,cb311edb71e64e5dbe21439246c7bcef,2021-10-07_22-38-25,1633635505,81.13049149513245,209085,crimv3srv041,10.141.0.35,81.13049149513245,0,12,"52_batch_size=128,bidirectional=False,dropout_inner_layers=0.13554,dropout_input_layers=0.49675,hidden_dim=1024,learning_rate=0.014489,monitor=loss,num_layers=2,opt_step_size=4,shared_output_size=26,weight_decay=0.0035929",cnnlstm,0.014489454821227526,128,False,2,1024,loss,26,4,0.0035928809264414397,0.4967469050037884,0.13554247596467062,"['sleepEfficiency', 'awakening', 'totalSleepTime', 'combined']"
6a348_00053,1.0946646928787231,0.0,0.3359375,0.15840798616409302,8.351529836654663,True,,,6,6c248aa47e9c4c30b56bc0cac19708a1,2021-10-07_22-39-21,1633635561,52.28729844093323,231216,crimv3srv041,10.141.0.35,52.28729844093323,0,6,"53_batch_size=64,bidirectional=True,dropout_inner_layers=0.14629,dropout_input_layers=0.79188,hidden_dim=256,learning_rate=2.5978e-06,monitor=mcc,num_layers=2,opt_step_size=15,shared_output_size=109,weight_decay=0.00020258",cnnlstm,2.597797963327335e-06,64,True,2,256,mcc,109,15,0.00020258060601123734,0.7918774300886349,0.14628862318570202,"['sleepEfficiency', 'awakening', 'totalSleepTime', 'combined']"
6a348_00054,0.8447131514549255,0.0,0.6223958134651184,0.2531925439834595,6.705312728881836,True,,,10,0deb16e1525e48ea9db823d390b2f4f5,2021-10-07_22-40-45,1633635645,80.90568971633911,244666,crimv3srv041,10.141.0.35,80.90568971633911,0,10,"54_batch_size=64,bidirectional=False,dropout_inner_layers=0.65415,dropout_input_layers=0.61662,hidden_dim=32,learning_rate=0.040255,monitor=loss,num_layers=1,opt_step_size=9,shared_output_size=253,weight_decay=0.00014835",cnnlstm,0.040254616927437134,64,False,1,32,loss,253,9,0.00014835106195101942,0.6166200052317725,0.6541478226098516,"['sleepEfficiency', 'awakening', 'totalSleepTime', 'combined']"
6a348_00055,0.8433240056037903,0.0,0.6223958134651184,0.2531925439834595,6.113510370254517,True,,,8,c30844cf57ee4ebc9df0ac4323b8d5f8,2021-10-07_22-41-42,1633635702,53.327143907547,264661,crimv3srv041,10.141.0.35,53.327143907547,0,8,"55_batch_size=256,bidirectional=True,dropout_inner_layers=0.7066,dropout_input_layers=0.064634,hidden_dim=32,learning_rate=0.00020933,monitor=mcc,num_layers=2,opt_step_size=2,shared_output_size=235,weight_decay=0.001384",cnnlstm,0.00020933157718435862,256,True,2,32,mcc,235,2,0.001384037292131751,0.0646335032943508,0.7066026803114914,"['sleepEfficiency', 'awakening', 'totalSleepTime', 'combined']"
6a348_00056,1.1877931356430054,0.0,0.3268229067325592,0.15750478208065033,6.544252634048462,True,,,100,fe365e9703ec436b879771ab0361cf97,2021-10-07_22-51-52,1633636312,607.2227258682251,280166,crimv3srv041,10.141.0.35,607.2227258682251,0,100,"56_batch_size=256,bidirectional=True,dropout_inner_layers=0.94268,dropout_input_layers=0.3311,hidden_dim=256,learning_rate=1.1869e-06,monitor=loss,num_layers=2,opt_step_size=11,shared_output_size=99,weight_decay=6.4561e-05",cnnlstm,1.186886021613992e-06,256,True,2,256,loss,99,11,6.456132209584793e-05,0.3311011740369967,0.9426840168199359,"['sleepEfficiency', 'awakening', 'totalSleepTime', 'combined']"
6a348_00057,1.065820336341858,0.0,0.4700520932674408,0.2055085003376007,11.193039417266846,True,,,6,f46d804ac7684b05902aed8a9af3f025,2021-10-07_22-53-09,1633636389,72.97493410110474,448340,crimv3srv041,10.141.0.35,72.97493410110474,0,6,"57_batch_size=32,bidirectional=False,dropout_inner_layers=0.76176,dropout_input_layers=0.04487,hidden_dim=1024,learning_rate=4.2537e-06,monitor=mcc,num_layers=2,opt_step_size=11,shared_output_size=118,weight_decay=0.00013541",cnnlstm,4.253691759876425e-06,32,False,2,1024,mcc,118,11,0.00013541162468836088,0.044870202424213024,0.7617590418805058,"['sleepEfficiency', 'awakening', 'totalSleepTime', 'combined']"
6a348_00058,0.8423364162445068,0.0,0.6223958134651184,0.2531925439834595,6.405725717544556,True,,,6,b0c2bf5d275a4eeea242e6b4c151538a,2021-10-07_22-53-58,1633636438,45.000486850738525,7624,crimv3srv041,10.141.0.35,45.000486850738525,0,6,"58_batch_size=128,bidirectional=True,dropout_inner_layers=0.73135,dropout_input_layers=0.85563,hidden_dim=1024,learning_rate=0.025139,monitor=mcc,num_layers=2,opt_step_size=12,shared_output_size=114,weight_decay=0.00029226",cnnlstm,0.025138621565806183,128,True,2,1024,mcc,114,12,0.00029225797407613613,0.8556267643250637,0.7313510393522527,"['sleepEfficiency', 'awakening', 'totalSleepTime', 'combined']"
6a348_00059,0.732405960559845,0.30841079354286194,0.6663411259651184,0.4700034260749817,5.967641353607178,True,,,44,55b5eff585404f9a80bf5a8f02ed4f75,2021-10-07_22-58-48,1633636728,287.6624529361725,21773,crimv3srv041,10.141.0.35,287.6624529361725,0,44,"59_batch_size=128,bidirectional=False,dropout_inner_layers=0.1213,dropout_input_layers=0.027608,hidden_dim=512,learning_rate=8.3061e-05,monitor=loss,num_layers=1,opt_step_size=19,shared_output_size=14,weight_decay=0.00055241",cnnlstm,8.306134578841205e-05,128,False,1,512,loss,14,19,0.0005524083374630114,0.02760844449647548,0.12130213378672594,"['sleepEfficiency', 'awakening', 'totalSleepTime', 'combined']"
6a348_00060,1.0872619152069092,0.0,0.2288411408662796,0.12271834164857864,12.771289348602295,True,,,6,e67c0967be3248e8883957793d232d7f,2021-10-07_23-00-09,1633636809,77.20016884803772,105720,crimv3srv041,10.141.0.35,77.20016884803772,0,6,"60_batch_size=32,bidirectional=False,dropout_inner_layers=0.44515,dropout_input_layers=0.17086,hidden_dim=1024,learning_rate=1.1185e-06,monitor=mcc,num_layers=1,opt_step_size=16,shared_output_size=83,weight_decay=0.0033122",cnnlstm,1.1185258819497456e-06,32,False,1,1024,mcc,83,16,0.0033121736991599334,0.17085629961453674,0.44514594875974867,"['sleepEfficiency', 'awakening', 'totalSleepTime', 'combined']"
6a348_00061,0.8685680627822876,0.0,0.6223958134651184,0.2531925439834595,6.166428804397583,True,,,6,2ada774f95c847e08b97945fc14acb2e,2021-10-07_23-00-55,1633636855,41.781737089157104,121087,crimv3srv041,10.141.0.35,41.781737089157104,0,6,"61_batch_size=128,bidirectional=True,dropout_inner_layers=0.93828,dropout_input_layers=0.29627,hidden_dim=256,learning_rate=0.00064461,monitor=mcc,num_layers=2,opt_step_size=19,shared_output_size=94,weight_decay=5.9337e-05",cnnlstm,0.000644614054373547,128,True,2,256,mcc,94,19,5.933735364112576e-05,0.2962734790980823,0.9382768514482074,"['sleepEfficiency', 'awakening', 'totalSleepTime', 'combined']"
6a348_00062,0.843116044998169,0.0,0.6223958134651184,0.2531925439834595,5.869000434875488,True,,,13,98141b423c1b426ab08f060199594496,2021-10-07_23-02-24,1633636944,86.19576168060303,133029,crimv3srv041,10.141.0.35,86.19576168060303,0,13,"62_batch_size=256,bidirectional=True,dropout_inner_layers=0.83636,dropout_input_layers=0.45484,hidden_dim=64,learning_rate=0.057601,monitor=loss,num_layers=2,opt_step_size=3,shared_output_size=179,weight_decay=4.4295e-05",cnnlstm,0.05760138599563175,256,True,2,64,loss,179,3,4.4294614079993533e-05,0.45483598648066104,0.8363635512518112,"['sleepEfficiency', 'awakening', 'totalSleepTime', 'combined']"
6a348_00063,0.8492457866668701,0.0,0.6223958134651184,0.2531925439834595,5.814156532287598,True,,,93,c6a8dfd25c764c74a0e37b1fbe231860,2021-10-07_23-12-34,1633637554,605.5423879623413,155747,crimv3srv041,10.141.0.35,605.5423879623413,0,93,"63_batch_size=128,bidirectional=False,dropout_inner_layers=0.97049,dropout_input_layers=0.20989,hidden_dim=256,learning_rate=4.9103e-05,monitor=loss,num_layers=1,opt_step_size=18,shared_output_size=221,weight_decay=0.006198",cnnlstm,4.910312585311152e-05,128,False,1,256,loss,221,18,0.0061979920315550635,0.20988721353073714,0.9704921768207507,"['sleepEfficiency', 'awakening', 'totalSleepTime', 'combined']"
6a348_00064,0.7615291476249695,0.2829184830188751,0.6604817509651184,0.4324530363082886,7.253944158554077,True,,,10,36e664221a55430988ec89773e34e06b,2021-10-07_23-14-02,1633637642,84.786625623703,320148,crimv3srv041,10.141.0.35,84.786625623703,0,10,"64_batch_size=64,bidirectional=False,dropout_inner_layers=0.53632,dropout_input_layers=0.34503,hidden_dim=64,learning_rate=0.0076896,monitor=loss,num_layers=2,opt_step_size=14,shared_output_size=93,weight_decay=0.0018008",cnnlstm,0.007689559956029338,64,False,2,64,loss,93,14,0.0018008468824003514,0.3450293570202033,0.5363186148453739,"['sleepEfficiency', 'awakening', 'totalSleepTime', 'combined']"
6a348_00065,0.9139479398727417,0.0,0.6223958134651184,0.2531925439834595,10.627615690231323,True,,,7,daa2d1fe157a48a996316b025406b6dc,2021-10-07_23-15-31,1633637731,85.14818143844604,343613,crimv3srv041,10.141.0.35,85.14818143844604,0,7,"65_batch_size=32,bidirectional=False,dropout_inner_layers=0.93557,dropout_input_layers=0.25063,hidden_dim=1024,learning_rate=0.00095189,monitor=loss,num_layers=1,opt_step_size=10,shared_output_size=129,weight_decay=0.0036138",cnnlstm,0.0009518930133452232,32,False,1,1024,loss,129,10,0.003613847669130217,0.2506316498433403,0.9355672253667545,"['sleepEfficiency', 'awakening', 'totalSleepTime', 'combined']"
6a348_00066,0.9015264511108398,0.0,0.5026041865348816,0.21314303576946259,11.941910743713379,True,,,6,843312f3ea474db597c79ca97029339b,2021-10-07_23-16-48,1633637808,73.97001719474792,362068,crimv3srv041,10.141.0.35,73.97001719474792,0,6,"66_batch_size=32,bidirectional=False,dropout_inner_layers=0.32366,dropout_input_layers=0.68005,hidden_dim=64,learning_rate=2.0327e-05,monitor=mcc,num_layers=2,opt_step_size=3,shared_output_size=31,weight_decay=0.00010733",cnnlstm,2.0327496414764737e-05,32,False,2,64,mcc,31,3,0.00010732541185814474,0.6800496607631276,0.32366006997159036,"['sleepEfficiency', 'awakening', 'totalSleepTime', 'combined']"
6a348_00067,0.7637977600097656,0.19365979731082916,0.6533203125,0.3819291889667511,6.6398890018463135,True,,,14,d14f6d69f2544ea6a56514e6e5a8ed97,2021-10-07_23-18-25,1633637905,93.29284167289734,378192,crimv3srv041,10.141.0.35,93.29284167289734,0,14,"67_batch_size=128,bidirectional=True,dropout_inner_layers=0.34109,dropout_input_layers=0.0028413,hidden_dim=64,learning_rate=0.019327,monitor=loss,num_layers=2,opt_step_size=13,shared_output_size=147,weight_decay=0.0030872",cnnlstm,0.01932716086493681,128,True,2,64,loss,147,13,0.0030871578464215744,0.002841326100274655,0.3410948363512799,"['sleepEfficiency', 'awakening', 'totalSleepTime', 'combined']"
6a348_00068,0.7811307311058044,0.0,0.6223958134651184,0.2531925439834595,7.611129283905029,True,,,6,6a0b1843febd49b48f1676d56744e3e2,2021-10-07_23-19-27,1633637967,58.35435247421265,403227,crimv3srv041,10.141.0.35,58.35435247421265,0,6,"68_batch_size=64,bidirectional=False,dropout_inner_layers=0.43951,dropout_input_layers=0.16311,hidden_dim=64,learning_rate=0.00010576,monitor=mcc,num_layers=2,opt_step_size=19,shared_output_size=157,weight_decay=0.0010094",cnnlstm,0.00010576154578485961,64,False,2,64,mcc,157,19,0.0010093992559938492,0.1631129711955871,0.4395102350586513,"['sleepEfficiency', 'awakening', 'totalSleepTime', 'combined']"
6a348_00069,0.7437272667884827,0.09077827632427216,0.6438801884651184,0.31226295232772827,6.22463583946228,True,,,100,6afc901b0cb74bd1aa02ec92b5f6fa4c,2021-10-07_23-30-01,1633638601,630.4241888523102,416422,crimv3srv041,10.141.0.35,630.4241888523102,0,100,"69_batch_size=128,bidirectional=True,dropout_inner_layers=0.55213,dropout_input_layers=0.17616,hidden_dim=64,learning_rate=2.7812e-05,monitor=loss,num_layers=2,opt_step_size=5,shared_output_size=98,weight_decay=1.1106e-05",cnnlstm,2.7811742233748935e-05,128,True,2,64,loss,98,5,1.1105519159394971e-05,0.17615960306232237,0.552134624334273,"['sleepEfficiency', 'awakening', 'totalSleepTime', 'combined']"
6a348_00070,0.851352334022522,0.29258573055267334,0.6614583134651184,0.4729599952697754,5.843982219696045,True,,,18,53dab0ee44624c2891e2b377c3f2cecb,2021-10-07_23-32-06,1633638726,120.29882216453552,130544,crimv3srv041,10.141.0.35,120.29882216453552,0,18,"70_batch_size=128,bidirectional=False,dropout_inner_layers=0.41288,dropout_input_layers=0.86972,hidden_dim=1024,learning_rate=0.00059189,monitor=mcc,num_layers=2,opt_step_size=10,shared_output_size=93,weight_decay=0.0017763",cnnlstm,0.0005918853052592446,128,False,2,1024,mcc,93,10,0.0017762628544759683,0.8697229506031059,0.41288127566683963,"['sleepEfficiency', 'awakening', 'totalSleepTime', 'combined']"
6a348_00071,0.8652254939079285,-0.05421602725982666,0.5530598759651184,0.2387368232011795,6.183287143707275,True,,,100,45cbf9d6396c4393bd8ea206c5c0c7e9,2021-10-07_23-42-50,1633639370,641.3434081077576,164944,crimv3srv041,10.141.0.35,641.3434081077576,0,100,"71_batch_size=128,bidirectional=False,dropout_inner_layers=0.39709,dropout_input_layers=0.26612,hidden_dim=64,learning_rate=6.4491e-06,monitor=loss,num_layers=2,opt_step_size=12,shared_output_size=136,weight_decay=0.0002637",cnnlstm,6.449064480782981e-06,128,False,2,64,loss,136,12,0.0002637013484289202,0.26611902151105116,0.3970894647178186,"['sleepEfficiency', 'awakening', 'totalSleepTime', 'combined']"
6a348_00072,1.068393349647522,0.0,0.5006510615348816,0.20567560195922852,7.507793664932251,True,,,6,69f52a3ac20f45b4b60c8b5e9a353e67,2021-10-07_23-43-45,1633639425,50.49510717391968,350093,crimv3srv041,10.141.0.35,50.49510717391968,0,6,"72_batch_size=64,bidirectional=False,dropout_inner_layers=0.9589,dropout_input_layers=0.83111,hidden_dim=128,learning_rate=5.5683e-05,monitor=mcc,num_layers=2,opt_step_size=3,shared_output_size=214,weight_decay=0.0029818",cnnlstm,5.568349495289081e-05,64,False,2,128,mcc,214,3,0.00298179134895744,0.8311077847323076,0.9588988614279027,"['sleepEfficiency', 'awakening', 'totalSleepTime', 'combined']"
6a348_00073,1.022467017173767,0.0,0.6223958134651184,0.2531925439834595,6.173469066619873,True,,,6,2624e7d82f674c8bb35bb8c5eadbae09,2021-10-07_23-44-30,1633639470,42.36777997016907,363952,crimv3srv041,10.141.0.35,42.36777997016907,0,6,"73_batch_size=256,bidirectional=True,dropout_inner_layers=0.12347,dropout_input_layers=0.31628,hidden_dim=64,learning_rate=2.0018e-05,monitor=mcc,num_layers=2,opt_step_size=8,shared_output_size=218,weight_decay=0.00032899",cnnlstm,2.0018294427587586e-05,256,True,2,64,mcc,218,8,0.00032898717286215594,0.3162784608531136,0.12346612039417604,"['sleepEfficiency', 'awakening', 'totalSleepTime', 'combined']"
6a348_00074,0.8405030965805054,0.0,0.6223958134651184,0.2531925439834595,7.534230947494507,True,,,100,e20f3fa2a1774dc0a0e2da5bcc260d48,2021-10-07_23-58-05,1633640285,811.6045498847961,376644,crimv3srv041,10.141.0.35,811.6045498847961,0,100,"74_batch_size=64,bidirectional=True,dropout_inner_layers=0.16294,dropout_input_layers=0.86626,hidden_dim=32,learning_rate=2.8301e-06,monitor=loss,num_layers=2,opt_step_size=5,shared_output_size=104,weight_decay=0.00023092",cnnlstm,2.8300967387635117e-06,64,True,2,32,loss,104,5,0.0002309234219312827,0.8662592335329886,0.16293593750144464,"['sleepEfficiency', 'awakening', 'totalSleepTime', 'combined']"
6a348_00075,0.9009689688682556,0.0,0.5989583134651184,0.24523834884166718,5.9486682415008545,True,,,100,c8c670b1ea4d4721a465e0c331686b56,2021-10-08_00-08-12,1633640892,602.2144634723663,130212,crimv3srv041,10.141.0.35,602.2144634723663,0,100,"75_batch_size=256,bidirectional=True,dropout_inner_layers=0.48781,dropout_input_layers=0.20223,hidden_dim=512,learning_rate=5.8559e-06,monitor=loss,num_layers=2,opt_step_size=18,shared_output_size=50,weight_decay=6.7078e-05",cnnlstm,5.855901456972265e-06,256,True,2,512,loss,50,18,6.70780805482625e-05,0.20222767695087462,0.48781095395462526,"['sleepEfficiency', 'awakening', 'totalSleepTime', 'combined']"
6a348_00076,0.7553038597106934,0.17214106023311615,0.6455078125,0.3370581865310669,5.527233123779297,True,,,90,8d46380dfa93431bb0c942caffa81f1a,2021-10-08_00-16-55,1633641415,519.2999663352966,299715,crimv3srv041,10.141.0.35,519.2999663352966,0,90,"76_batch_size=256,bidirectional=False,dropout_inner_layers=0.7256,dropout_input_layers=0.77744,hidden_dim=512,learning_rate=5.6071e-05,monitor=loss,num_layers=2,opt_step_size=6,shared_output_size=41,weight_decay=2.7059e-05",cnnlstm,5.607118381587358e-05,256,False,2,512,loss,41,6,2.7058923057004205e-05,0.7774404860997995,0.725600026770885,"['sleepEfficiency', 'awakening', 'totalSleepTime', 'combined']"
6a348_00077,1.21943199634552,0.0,0.1650390625,0.09351296722888947,8.708372831344604,True,,,6,a8aa73ad53c64be59ed592a9752f6872,2021-10-08_00-17-51,1633641471,51.982008934020996,454040,crimv3srv041,10.141.0.35,51.982008934020996,0,6,"77_batch_size=64,bidirectional=True,dropout_inner_layers=0.50129,dropout_input_layers=0.96709,hidden_dim=32,learning_rate=1.2799e-06,monitor=mcc,num_layers=2,opt_step_size=6,shared_output_size=15,weight_decay=0.0001045",cnnlstm,1.2798710786635274e-06,64,True,2,32,mcc,15,6,0.00010449552464204185,0.9670870151315227,0.5012880061642813,"['sleepEfficiency', 'awakening', 'totalSleepTime', 'combined']"
6a348_00078,0.7741155028343201,0.28289249539375305,0.6435546875,0.4203491508960724,8.277039289474487,True,,,13,84128aabd8f743718412d84d3c72d68f,2021-10-08_00-19-44,1633641584,110.26138496398926,9784,crimv3srv041,10.141.0.35,110.26138496398926,0,13,"78_batch_size=64,bidirectional=True,dropout_inner_layers=0.58394,dropout_input_layers=0.55298,hidden_dim=64,learning_rate=0.004929,monitor=loss,num_layers=1,opt_step_size=15,shared_output_size=237,weight_decay=1.5923e-05",cnnlstm,0.004929014045058616,64,True,1,64,loss,237,15,1.592293449552983e-05,0.5529761538992312,0.5839434838970916,"['sleepEfficiency', 'awakening', 'totalSleepTime', 'combined']"
6a348_00079,0.8429884910583496,0.0,0.6223958134651184,0.2531925439834595,7.670405149459839,True,,,7,be1b34e6f8664e6f981f743f87efbcd6,2021-10-08_00-20-49,1633641649,60.837395429611206,39653,crimv3srv041,10.141.0.35,60.837395429611206,0,7,"79_batch_size=64,bidirectional=True,dropout_inner_layers=0.9549,dropout_input_layers=0.48955,hidden_dim=512,learning_rate=0.056818,monitor=mcc,num_layers=2,opt_step_size=10,shared_output_size=179,weight_decay=0.00043666",cnnlstm,0.05681778374562693,64,True,2,512,mcc,179,10,0.00043665930577453064,0.48955179484158906,0.9549038982266923,"['sleepEfficiency', 'awakening', 'totalSleepTime', 'combined']"
6a348_00080,0.7728370428085327,0.06199779361486435,0.6360676884651184,0.29067015647888184,6.752214431762695,True,,,62,ad72946cc482437eb783531944dbf8dd,2021-10-08_00-27-33,1633642053,400.10362577438354,56128,crimv3srv041,10.141.0.35,400.10362577438354,0,62,"80_batch_size=128,bidirectional=True,dropout_inner_layers=0.82589,dropout_input_layers=0.32943,hidden_dim=1024,learning_rate=7.8746e-05,monitor=loss,num_layers=1,opt_step_size=11,shared_output_size=51,weight_decay=0.00015738",cnnlstm,7.874599996735797e-05,128,True,1,1024,loss,51,11,0.0001573764426244234,0.32942970131044036,0.8258880867551225,"['sleepEfficiency', 'awakening', 'totalSleepTime', 'combined']"
6a348_00081,0.9737859964370728,0.0,0.5009765625,0.2104519158601761,10.100802659988403,True,,,11,4f6ce3e5a2a64db09e143f1fe9ce554f,2021-10-08_00-29-47,1633642187,130.33352708816528,165877,crimv3srv041,10.141.0.35,130.33352708816528,0,11,"81_batch_size=32,bidirectional=False,dropout_inner_layers=0.86605,dropout_input_layers=0.27671,hidden_dim=128,learning_rate=9.1753e-06,monitor=mcc,num_layers=1,opt_step_size=13,shared_output_size=160,weight_decay=0.0076271",cnnlstm,9.17533015644028e-06,32,False,1,128,mcc,160,13,0.007627130635097072,0.27670586865214886,0.8660485388725743,"['sleepEfficiency', 'awakening', 'totalSleepTime', 'combined']"
6a348_00082,0.8475255370140076,0.22790612280368805,0.6360676884651184,0.3892386853694916,7.352174282073975,True,,,26,c545d8ae086947bda72f26096030e0f8,2021-10-08_00-33-26,1633642406,213.67814898490906,196896,crimv3srv041,10.141.0.35,213.67814898490906,0,26,"82_batch_size=64,bidirectional=True,dropout_inner_layers=0.5689,dropout_input_layers=0.17261,hidden_dim=64,learning_rate=0.010884,monitor=mcc,num_layers=1,opt_step_size=12,shared_output_size=216,weight_decay=0.0067863",cnnlstm,0.01088360727939897,64,True,1,64,mcc,216,12,0.006786340079138547,0.17261012900118056,0.5688990601868007,"['sleepEfficiency', 'awakening', 'totalSleepTime', 'combined']"
6a348_00083,0.7450026869773865,0.22529789805412292,0.6516926884651184,0.3662540018558502,7.470794200897217,True,,,100,626d192bd8c64697a1f288380de9c44c,2021-10-08_00-46-40,1633643200,791.9162061214447,252944,crimv3srv041,10.141.0.35,791.9162061214447,0,100,"83_batch_size=64,bidirectional=True,dropout_inner_layers=0.57114,dropout_input_layers=0.031634,hidden_dim=64,learning_rate=1.6669e-05,monitor=loss,num_layers=2,opt_step_size=7,shared_output_size=115,weight_decay=0.0012056",cnnlstm,1.6668760914081957e-05,64,True,2,64,loss,115,7,0.0012055704692740784,0.03163406860826745,0.5711436190256725,"['sleepEfficiency', 'awakening', 'totalSleepTime', 'combined']"
6a348_00084,0.7038866877555847,0.372469037771225,0.6930338740348816,0.5515788793563843,6.053028106689453,True,,,13,afe16e8448904c4580d9e2118a5137b0,2021-10-08_00-48-11,1633643291,86.76322770118713,446322,crimv3srv041,10.141.0.35,86.76322770118713,0,13,"84_batch_size=128,bidirectional=False,dropout_inner_layers=0.080951,dropout_input_layers=0.39036,hidden_dim=128,learning_rate=0.00054069,monitor=loss,num_layers=1,opt_step_size=9,shared_output_size=120,weight_decay=0.00093454",cnnlstm,0.0005406865945882054,128,False,1,128,loss,120,9,0.0009345422848243386,0.39036409254491344,0.080950541790892,"['sleepEfficiency', 'awakening', 'totalSleepTime', 'combined']"
6a348_00085,0.7874512672424316,0.2956555187702179,0.6468098759651184,0.4612582325935364,7.6143083572387695,True,,,14,059df05cd664415a9422038b615d04ed,2021-10-08_00-50-11,1633643411,116.07398271560669,13732,crimv3srv041,10.141.0.35,116.07398271560669,0,14,"85_batch_size=64,bidirectional=True,dropout_inner_layers=0.55666,dropout_input_layers=0.663,hidden_dim=1024,learning_rate=0.00039066,monitor=loss,num_layers=2,opt_step_size=10,shared_output_size=247,weight_decay=0.0018503",cnnlstm,0.00039065839614578236,64,True,2,1024,loss,247,10,0.001850333690467754,0.663003358960287,0.5566552758361575,"['sleepEfficiency', 'awakening', 'totalSleepTime', 'combined']"
6a348_00086,0.8659740686416626,0.34916189312934875,0.6728515625,0.5361325144767761,7.899806022644043,True,,,12,f7c33617562045c282fb82ef345d558e,2021-10-08_00-51-56,1633643516,101.22722172737122,45258,crimv3srv041,10.141.0.35,101.22722172737122,0,12,"86_batch_size=64,bidirectional=False,dropout_inner_layers=0.20346,dropout_input_layers=0.19647,hidden_dim=64,learning_rate=0.0014652,monitor=loss,num_layers=1,opt_step_size=12,shared_output_size=17,weight_decay=1.1251e-05",cnnlstm,0.0014652138047461759,64,False,1,64,loss,17,12,1.1251488154514687e-05,0.19647171804186014,0.20346265236210803,"['sleepEfficiency', 'awakening', 'totalSleepTime', 'combined']"
6a348_00087,0.8522381782531738,0.0,0.6223958134651184,0.2531925439834595,8.02171015739441,True,,,6,20447614599d446fbe85b9aa473b0a3b,2021-10-08_00-52-54,1633643574,54.9137499332428,71116,crimv3srv041,10.141.0.35,54.9137499332428,0,6,"87_batch_size=64,bidirectional=False,dropout_inner_layers=0.65854,dropout_input_layers=0.26349,hidden_dim=64,learning_rate=5.1957e-05,monitor=mcc,num_layers=1,opt_step_size=17,shared_output_size=187,weight_decay=0.00019284",cnnlstm,5.195689540328595e-05,64,False,1,64,mcc,187,17,0.00019284272563097293,0.2634919914250544,0.6585440607592482,"['sleepEfficiency', 'awakening', 'totalSleepTime', 'combined']"
6a348_00088,0.8428184390068054,0.0,0.6223958134651184,0.2531925439834595,5.841912508010864,True,,,6,0ecf6ead4ff4454787c3b119f234960e,2021-10-08_00-53-40,1633643620,41.7178840637207,85074,crimv3srv041,10.141.0.35,41.7178840637207,0,6,"88_batch_size=256,bidirectional=True,dropout_inner_layers=0.07851,dropout_input_layers=0.59683,hidden_dim=128,learning_rate=0.097542,monitor=mcc,num_layers=2,opt_step_size=9,shared_output_size=98,weight_decay=0.00083066",cnnlstm,0.09754207341177294,256,True,2,128,mcc,98,9,0.0008306617500608892,0.5968283322096992,0.0785103935879109,"['sleepEfficiency', 'awakening', 'totalSleepTime', 'combined']"
6a348_00089,0.917052149772644,0.0,0.5989583134651184,0.24523834884166718,7.225263833999634,True,,,6,2050d9d17d324c91a1ed47c28bbb0bb4,2021-10-08_00-54-34,1633643674,51.383079290390015,97541,crimv3srv041,10.141.0.35,51.383079290390015,0,6,"89_batch_size=64,bidirectional=True,dropout_inner_layers=0.65654,dropout_input_layers=0.45517,hidden_dim=256,learning_rate=2.0387e-05,monitor=mcc,num_layers=1,opt_step_size=12,shared_output_size=242,weight_decay=0.00044629",cnnlstm,2.0387391727689453e-05,64,True,1,256,mcc,242,12,0.00044628612738944703,0.4551693706681972,0.6565385314811422,"['sleepEfficiency', 'awakening', 'totalSleepTime', 'combined']"
6a348_00090,0.8839020133018494,0.0,0.6223958134651184,0.2531925439834595,5.842714786529541,True,,,10,089973d0d54946f6aafe85b79d2ff9c1,2021-10-08_00-55-42,1633643742,65.31693410873413,110802,crimv3srv041,10.141.0.35,65.31693410873413,0,10,"90_batch_size=256,bidirectional=False,dropout_inner_layers=0.63261,dropout_input_layers=0.54631,hidden_dim=64,learning_rate=5.7393e-05,monitor=mcc,num_layers=1,opt_step_size=18,shared_output_size=253,weight_decay=0.0007923",cnnlstm,5.7392980751574275e-05,256,False,1,64,mcc,253,18,0.0007923025170707175,0.5463089575372363,0.6326115129670612,"['sleepEfficiency', 'awakening', 'totalSleepTime', 'combined']"
6a348_00091,0.930475652217865,0.25316792726516724,0.6334635615348816,0.42080986499786377,8.575251340866089,True,,,20,da6a5c996c8a427d8691b8a82452f4ca,2021-10-08_00-58-29,1633643909,164.07730913162231,129077,crimv3srv041,10.141.0.35,164.07730913162231,0,20,"91_batch_size=64,bidirectional=True,dropout_inner_layers=0.178,dropout_input_layers=0.51204,hidden_dim=32,learning_rate=0.016067,monitor=mcc,num_layers=2,opt_step_size=5,shared_output_size=143,weight_decay=0.0050417",cnnlstm,0.016066703667291793,64,True,2,32,mcc,143,5,0.005041699833936143,0.5120427067276888,0.17800404798845781,"['sleepEfficiency', 'awakening', 'totalSleepTime', 'combined']"
6a348_00092,1.1237186193466187,0.0,0.2939453125,0.13523004949092865,5.605842590332031,True,,,100,45681521c4c4463cbd6b235dd021e2fd,2021-10-08_01-08-18,1633644498,586.1827611923218,167243,crimv3srv041,10.141.0.35,586.1827611923218,0,100,"92_batch_size=256,bidirectional=False,dropout_inner_layers=0.74254,dropout_input_layers=0.7204,hidden_dim=64,learning_rate=3.491e-06,monitor=loss,num_layers=1,opt_step_size=12,shared_output_size=250,weight_decay=0.0075091",cnnlstm,3.4909668118870825e-06,256,False,1,64,loss,250,12,0.007509127112590256,0.7204000665731762,0.7425397895766199,"['sleepEfficiency', 'awakening', 'totalSleepTime', 'combined']"
6a348_00093,0.797168493270874,0.0,0.6223958134651184,0.2531925439834595,5.617787599563599,True,,,62,20090611af9644698d9f2740f81b7c72,2021-10-08_01-14-29,1633644869,368.7993290424347,326165,crimv3srv041,10.141.0.35,368.7993290424347,0,62,"93_batch_size=256,bidirectional=False,dropout_inner_layers=0.80989,dropout_input_layers=0.026161,hidden_dim=512,learning_rate=6.0767e-05,monitor=loss,num_layers=2,opt_step_size=8,shared_output_size=114,weight_decay=1.1135e-05",cnnlstm,6.0767197140889485e-05,256,False,2,512,loss,114,8,1.1135218462194308e-05,0.026161102336374698,0.8098936367288543,"['sleepEfficiency', 'awakening', 'totalSleepTime', 'combined']"
6a348_00094,0.8262479901313782,0.3107374310493469,0.6653645634651184,0.48474499583244324,5.984792232513428,True,,,11,470a2c9d8fd9422c90f3dbd5114038de,2021-10-08_01-15-52,1633644952,78.39502620697021,428154,crimv3srv041,10.141.0.35,78.39502620697021,0,11,"94_batch_size=128,bidirectional=False,dropout_inner_layers=0.14475,dropout_input_layers=0.92443,hidden_dim=128,learning_rate=0.0012322,monitor=loss,num_layers=2,opt_step_size=19,shared_output_size=221,weight_decay=0.00081579",cnnlstm,0.001232245486175092,128,False,2,128,loss,221,19,0.0008157877637860188,0.9244286584389624,0.1447470566060738,"['sleepEfficiency', 'awakening', 'totalSleepTime', 'combined']"
6a348_00095,0.7633686065673828,0.3036274313926697,0.6608073115348816,0.46283045411109924,7.600217819213867,True,,,10,3f6d17cebe5647378762bb3e48f0d495,2021-10-08_01-17-20,1633645040,84.404057264328,448123,crimv3srv041,10.141.0.35,84.404057264328,0,10,"95_batch_size=64,bidirectional=False,dropout_inner_layers=0.62112,dropout_input_layers=0.64317,hidden_dim=32,learning_rate=0.0024548,monitor=loss,num_layers=1,opt_step_size=1,shared_output_size=120,weight_decay=6.206e-05",cnnlstm,0.002454814326830308,64,False,1,32,loss,120,1,6.2060414708577e-05,0.6431714569701242,0.6211203917345639,"['sleepEfficiency', 'awakening', 'totalSleepTime', 'combined']"
6a348_00096,0.9085736274719238,0.04825079068541527,0.6204426884651184,0.2889251708984375,6.184335947036743,True,,,6,dc2308f81f8a494bb64bd0e44753c189,2021-10-08_01-18-07,1633645087,42.78837728500366,10195,crimv3srv041,10.141.0.35,42.78837728500366,0,6,"96_batch_size=128,bidirectional=False,dropout_inner_layers=0.88023,dropout_input_layers=0.066399,hidden_dim=64,learning_rate=0.004575,monitor=loss,num_layers=2,opt_step_size=2,shared_output_size=120,weight_decay=0.00065342",cnnlstm,0.004574991066741656,128,False,2,64,loss,120,2,0.0006534231492516597,0.06639868498835,0.8802298882056964,"['sleepEfficiency', 'awakening', 'totalSleepTime', 'combined']"
6a348_00097,1.0360535383224487,0.0,0.5989583134651184,0.24523834884166718,6.003446340560913,True,,,6,da244f9eccab4478aa1e091a085d5e58,2021-10-08_01-18-52,1633645132,42.143895626068115,22744,crimv3srv041,10.141.0.35,42.143895626068115,0,6,"97_batch_size=128,bidirectional=False,dropout_inner_layers=0.29497,dropout_input_layers=0.10074,hidden_dim=512,learning_rate=6.4912e-06,monitor=mcc,num_layers=1,opt_step_size=7,shared_output_size=61,weight_decay=4.1184e-05",cnnlstm,6.491219547025218e-06,128,False,1,512,mcc,61,7,4.1183988054260935e-05,0.10074345548893815,0.2949653124350826,"['sleepEfficiency', 'awakening', 'totalSleepTime', 'combined']"
6a348_00098,0.8444252610206604,0.0,0.6223958134651184,0.2531925439834595,11.519904375076294,True,,,6,bfbd7d4b337a45a88d035912c67bbabb,2021-10-08_01-20-10,1633645210,74.13108968734741,33869,crimv3srv041,10.141.0.35,74.13108968734741,0,6,"98_batch_size=32,bidirectional=False,dropout_inner_layers=0.54302,dropout_input_layers=0.2166,hidden_dim=256,learning_rate=0.028704,monitor=mcc,num_layers=2,opt_step_size=10,shared_output_size=3,weight_decay=0.0002739",cnnlstm,0.028704143113539037,32,False,2,256,mcc,3,10,0.0002738996347693987,0.21659817053456665,0.5430155539293723,"['sleepEfficiency', 'awakening', 'totalSleepTime', 'combined']"
6a348_00099,0.8423036932945251,0.0,0.6223958134651184,0.2531925439834595,6.137118339538574,True,,,8,16b78310ddec4ca6b24faa794cdc382c,2021-10-08_01-21-12,1633645272,58.36904716491699,49981,crimv3srv041,10.141.0.35,58.36904716491699,0,8,"99_batch_size=128,bidirectional=True,dropout_inner_layers=0.29623,dropout_input_layers=0.94558,hidden_dim=1024,learning_rate=0.031404,monitor=loss,num_layers=1,opt_step_size=9,shared_output_size=208,weight_decay=0.00020868",cnnlstm,0.03140414823753796,128,True,1,1024,loss,208,9,0.00020867882750522847,0.945581477025795,0.296232600876121,"['sleepEfficiency', 'awakening', 'totalSleepTime', 'combined']"
6a348_00100,0.8602790236473083,0.330793559551239,0.6686198115348816,0.5296909809112549,11.327588319778442,True,,,11,a627da1330554a3f991bfb3f5c24b13d,2021-10-08_01-23-31,1633645411,134.85219764709473,66060,crimv3srv041,10.141.0.35,134.85219764709473,0,11,"100_batch_size=32,bidirectional=False,dropout_inner_layers=0.1734,dropout_input_layers=0.8468,hidden_dim=128,learning_rate=0.0014458,monitor=loss,num_layers=1,opt_step_size=5,shared_output_size=200,weight_decay=8.7391e-05",cnnlstm,0.001445805336541957,32,False,1,128,loss,200,5,8.739106519544846e-05,0.8468047033455685,0.17339849021478948,"['sleepEfficiency', 'awakening', 'totalSleepTime', 'combined']"
6a348_00101,0.9210180640220642,0.0,0.6223958134651184,0.2531925439834595,8.122475385665894,True,,,9,9a7e26b907b94980bd22de4e55c2690e,2021-10-08_01-24-54,1633645494,79.58873867988586,96043,crimv3srv041,10.141.0.35,79.58873867988586,0,9,"101_batch_size=64,bidirectional=True,dropout_inner_layers=0.92486,dropout_input_layers=0.34306,hidden_dim=64,learning_rate=0.00089438,monitor=loss,num_layers=1,opt_step_size=19,shared_output_size=188,weight_decay=4.607e-05",cnnlstm,0.0008943802943506739,64,True,1,64,loss,188,19,4.607031269994523e-05,0.3430558786644272,0.9248638409336963,"['sleepEfficiency', 'awakening', 'totalSleepTime', 'combined']"
6a348_00102,0.8738265633583069,0.29618334770202637,0.6572265625,0.4985473155975342,6.835675954818726,True,,,13,88ec04a3289540cb8196dee9cea51190,2021-10-08_01-26-22,1633645582,85.19625186920166,115058,crimv3srv041,10.141.0.35,85.19625186920166,0,13,"102_batch_size=256,bidirectional=True,dropout_inner_layers=0.25415,dropout_input_layers=0.6512,hidden_dim=128,learning_rate=0.0025668,monitor=mcc,num_layers=2,opt_step_size=19,shared_output_size=198,weight_decay=8.9888e-05",cnnlstm,0.0025667688246098744,256,True,2,128,mcc,198,19,8.98884444060741e-05,0.6512048720135251,0.25415342560900966,"['sleepEfficiency', 'awakening', 'totalSleepTime', 'combined']"
6a348_00103,0.7591285109519958,0.2549087107181549,0.6539713740348816,0.3968570828437805,6.020738124847412,True,,,21,a9bb48303a174684870186a5c96d8d97,2021-10-08_01-28-38,1633645718,131.4430718421936,139553,crimv3srv041,10.141.0.35,131.4430718421936,0,21,"103_batch_size=256,bidirectional=True,dropout_inner_layers=0.6695,dropout_input_layers=0.84702,hidden_dim=64,learning_rate=0.00052134,monitor=loss,num_layers=2,opt_step_size=3,shared_output_size=234,weight_decay=0.0095045",cnnlstm,0.0005213377931444762,256,True,2,64,loss,234,3,0.009504519164334736,0.8470158645290219,0.6695028532716402,"['sleepEfficiency', 'awakening', 'totalSleepTime', 'combined']"
6a348_00104,1.1504414081573486,0.0,0.205078125,0.10998782515525818,5.970132827758789,True,,,6,5a185f5dae2d45bd90cac2d5be0f7621,2021-10-08_01-29-25,1633645765,42.64125466346741,177624,crimv3srv041,10.141.0.35,42.64125466346741,0,6,"104_batch_size=128,bidirectional=True,dropout_inner_layers=0.0172,dropout_input_layers=0.41175,hidden_dim=128,learning_rate=1.1067e-05,monitor=mcc,num_layers=1,opt_step_size=13,shared_output_size=19,weight_decay=1.5431e-05",cnnlstm,1.1067256968915003e-05,128,True,1,128,mcc,19,13,1.54312954673485e-05,0.4117454333649573,0.017200431684792128,"['sleepEfficiency', 'awakening', 'totalSleepTime', 'combined']"
6a348_00105,0.8099284172058105,0.3153173327445984,0.6702473759651184,0.49348023533821106,7.332626819610596,True,,,14,43293e949892487dbaa0d6e6d9742661,2021-10-08_01-31-23,1633645883,115.50066494941711,189591,crimv3srv041,10.141.0.35,115.50066494941711,0,14,"105_batch_size=64,bidirectional=True,dropout_inner_layers=0.25383,dropout_input_layers=0.61337,hidden_dim=1024,learning_rate=0.0059774,monitor=loss,num_layers=1,opt_step_size=17,shared_output_size=118,weight_decay=0.00085535",cnnlstm,0.005977445317322235,64,True,1,1024,loss,118,17,0.0008553531115761449,0.6133673153889644,0.25383462692111636,"['sleepEfficiency', 'awakening', 'totalSleepTime', 'combined']"
6a348_00106,0.8181882500648499,0.3467414975166321,0.6673176884651184,0.5352624654769897,6.835904121398926,True,,,11,0d02154eee0e49039aee5aaba2e14232,2021-10-08_01-32-57,1633645977,91.49880790710449,218304,crimv3srv041,10.141.0.35,91.49880790710449,0,11,"106_batch_size=64,bidirectional=True,dropout_inner_layers=0.22782,dropout_input_layers=0.35131,hidden_dim=128,learning_rate=0.0011758,monitor=loss,num_layers=1,opt_step_size=14,shared_output_size=235,weight_decay=0.003251",cnnlstm,0.0011758420700324177,64,True,1,128,loss,235,14,0.003250974953155037,0.35131075486975216,0.22781968292460097,"['sleepEfficiency', 'awakening', 'totalSleepTime', 'combined']"
6a348_00107,1.0099132061004639,0.0,0.6223958134651184,0.2531925439834595,8.015506744384766,True,,,6,987e3ec4fc5a4f9fbadb88e1b3bc0e56,2021-10-08_01-33-55,1633646035,54.36785554885864,241392,crimv3srv041,10.141.0.35,54.36785554885864,0,6,"107_batch_size=64,bidirectional=False,dropout_inner_layers=0.87978,dropout_input_layers=0.1079,hidden_dim=64,learning_rate=2.8918e-06,monitor=mcc,num_layers=2,opt_step_size=17,shared_output_size=157,weight_decay=0.0010566",cnnlstm,2.891769492308241e-06,64,False,2,64,mcc,157,17,0.001056562602964955,0.10789985130137847,0.8797796082865357,"['sleepEfficiency', 'awakening', 'totalSleepTime', 'combined']"
6a348_00108,0.818200945854187,0.35845428705215454,0.6796875,0.5292849540710449,8.247541666030884,True,,,11,14c421aed2a040f6ba393edcb7ec3b10,2021-10-08_01-35-29,1633646129,91.57053709030151,255427,crimv3srv041,10.141.0.35,91.57053709030151,0,11,"108_batch_size=64,bidirectional=False,dropout_inner_layers=0.13101,dropout_input_layers=0.0037088,hidden_dim=256,learning_rate=0.00096716,monitor=loss,num_layers=1,opt_step_size=7,shared_output_size=217,weight_decay=0.0004631",cnnlstm,0.0009671604898157809,64,False,1,256,loss,217,7,0.00046310496393020176,0.003708778855176398,0.13100907733260114,"['sleepEfficiency', 'awakening', 'totalSleepTime', 'combined']"
6a348_00109,0.7346746921539307,0.3156832158565521,0.66015625,0.4896720051765442,11.803706407546997,True,,,43,67efedfdd337435ca496f845dc51417c,2021-10-08_01-43-56,1633646636,503.65740847587585,278409,crimv3srv041,10.141.0.35,503.65740847587585,0,43,"109_batch_size=32,bidirectional=True,dropout_inner_layers=0.16029,dropout_input_layers=0.15945,hidden_dim=1024,learning_rate=4.0541e-05,monitor=mcc,num_layers=2,opt_step_size=14,shared_output_size=227,weight_decay=1.4667e-05",cnnlstm,4.054081877000724e-05,32,True,2,1024,mcc,227,14,1.4667454537711615e-05,0.15944515196883113,0.16029315122087018,"['sleepEfficiency', 'awakening', 'totalSleepTime', 'combined']"
6a348_00110,1.0762699842453003,0.0,0.2779947817325592,0.14009639620780945,11.92649507522583,True,,,100,0eac09ed9aea4f5abbf4af8f569bb19d,2021-10-08_02-03-08,1633647788,1148.0917150974274,381609,crimv3srv041,10.141.0.35,1148.0917150974274,0,100,"110_batch_size=32,bidirectional=False,dropout_inner_layers=0.93772,dropout_input_layers=0.7737,hidden_dim=64,learning_rate=1.3484e-06,monitor=loss,num_layers=2,opt_step_size=5,shared_output_size=168,weight_decay=0.00018784",cnnlstm,1.3484346231238153e-06,32,False,2,64,loss,168,5,0.00018783681307726576,0.7736998208059196,0.9377228543310379,"['sleepEfficiency', 'awakening', 'totalSleepTime', 'combined']"
6a348_00111,0.8427221179008484,0.0,0.6223958134651184,0.2531925439834595,10.08234691619873,True,,,6,6a3d678db4024f4a96c1df25c801d079,2021-10-08_02-04-23,1633647863,72.2212450504303,181301,crimv3srv041,10.141.0.35,72.2212450504303,0,6,"111_batch_size=32,bidirectional=True,dropout_inner_layers=0.39258,dropout_input_layers=0.35547,hidden_dim=512,learning_rate=0.015995,monitor=loss,num_layers=2,opt_step_size=6,shared_output_size=136,weight_decay=3.5107e-05",cnnlstm,0.015994573959597257,32,True,2,512,loss,136,6,3.510743271844608e-05,0.35546673343267843,0.3925782052290252,"['sleepEfficiency', 'awakening', 'totalSleepTime', 'combined']"
6a348_00112,0.8138306736946106,0.2750433683395386,0.6263020634651184,0.44920822978019714,5.681034088134766,True,,,13,40ec2ce5ce8445d29e1bfb2e2c1404f7,2021-10-08_02-05-48,1633647948,82.03708624839783,198427,crimv3srv041,10.141.0.35,82.03708624839783,0,13,"112_batch_size=256,bidirectional=False,dropout_inner_layers=0.61346,dropout_input_layers=0.32904,hidden_dim=1024,learning_rate=0.0046856,monitor=loss,num_layers=2,opt_step_size=8,shared_output_size=81,weight_decay=0.001893",cnnlstm,0.0046855697639773715,256,False,2,1024,loss,81,8,0.001893007801836623,0.32904113784837186,0.6134573094982393,"['sleepEfficiency', 'awakening', 'totalSleepTime', 'combined']"
6a348_00113,0.8176092505455017,0.06312558054924011,0.6363932490348816,0.2911427617073059,11.438943862915039,True,,,8,a362bec7a5bd41e5a3fe5ed82c8081f3,2021-10-08_02-07-31,1633648051,100.39038825035095,221713,crimv3srv041,10.141.0.35,100.39038825035095,0,8,"113_batch_size=32,bidirectional=True,dropout_inner_layers=0.79205,dropout_input_layers=0.97679,hidden_dim=256,learning_rate=0.00036201,monitor=mcc,num_layers=2,opt_step_size=12,shared_output_size=175,weight_decay=2.2473e-05",cnnlstm,0.00036200592908586124,32,True,2,256,mcc,175,12,2.247296447415447e-05,0.9767891082926266,0.7920536416784345,"['sleepEfficiency', 'awakening', 'totalSleepTime', 'combined']"
6a348_00114,0.7932029962539673,0.0,0.6223958134651184,0.2531925439834595,11.976008176803589,True,,,6,697196030e2948e28bdd925945720548,2021-10-08_02-08-47,1633648127,73.5672721862793,242851,crimv3srv041,10.141.0.35,73.5672721862793,0,6,"114_batch_size=32,bidirectional=True,dropout_inner_layers=0.18353,dropout_input_layers=0.97618,hidden_dim=128,learning_rate=6.4161e-05,monitor=mcc,num_layers=2,opt_step_size=2,shared_output_size=105,weight_decay=0.00039413",cnnlstm,6.416142377166825e-05,32,True,2,128,mcc,105,2,0.0003941273230955222,0.9761784836868334,0.1835262485754715,"['sleepEfficiency', 'awakening', 'totalSleepTime', 'combined']"
6a348_00115,0.8509742021560669,0.0,0.6223958134651184,0.2531925439834595,6.415288925170898,True,,,16,c56a607414d742f09b16ac1596111886,2021-10-08_02-10-33,1633648233,101.6213366985321,257729,crimv3srv041,10.141.0.35,101.6213366985321,0,16,"115_batch_size=256,bidirectional=False,dropout_inner_layers=0.95575,dropout_input_layers=0.46523,hidden_dim=128,learning_rate=0.0073893,monitor=loss,num_layers=2,opt_step_size=14,shared_output_size=66,weight_decay=0.0011192",cnnlstm,0.0073893157750549,256,False,2,128,loss,66,14,0.0011191751169439506,0.46523171400906593,0.9557506746984294,"['sleepEfficiency', 'awakening', 'totalSleepTime', 'combined']"
6a348_00116,0.734917163848877,0.3314054012298584,0.671875,0.5190669298171997,5.454738616943359,True,,,11,8fa56f05aded40df996945153fd37eea,2021-10-08_02-11-43,1633648303,66.86833953857422,284806,crimv3srv041,10.141.0.35,66.86833953857422,0,11,"116_batch_size=256,bidirectional=True,dropout_inner_layers=0.2046,dropout_input_layers=0.037342,hidden_dim=32,learning_rate=0.0037734,monitor=loss,num_layers=1,opt_step_size=5,shared_output_size=164,weight_decay=0.0026621",cnnlstm,0.0037734192719761583,256,True,1,32,loss,164,5,0.002662093726706479,0.037341634017474035,0.2045990030074718,"['sleepEfficiency', 'awakening', 'totalSleepTime', 'combined']"
6a348_00117,0.8773836493492126,0.32468852400779724,0.6728515625,0.5188939571380615,7.693150520324707,True,,,12,38ee9d4f8c394973ac20a100f3735459,2021-10-08_02-13-26,1633648406,99.79383635520935,303804,crimv3srv041,10.141.0.35,99.79383635520935,0,12,"117_batch_size=64,bidirectional=True,dropout_inner_layers=0.0033047,dropout_input_layers=0.82589,hidden_dim=512,learning_rate=0.00094015,monitor=loss,num_layers=1,opt_step_size=1,shared_output_size=19,weight_decay=0.00068677",cnnlstm,0.0009401503356666792,64,True,1,512,loss,19,1,0.0006867728933708928,0.8258927199364018,0.0033047110809482083,"['sleepEfficiency', 'awakening', 'totalSleepTime', 'combined']"
6a348_00118,0.8720654249191284,0.30633166432380676,0.6611328125,0.5062924027442932,10.382980823516846,True,,,14,7e0e9c33d8414adaad916d5d1a25100a,2021-10-08_02-16-12,1633648572,163.4449861049652,327131,crimv3srv041,10.141.0.35,163.4449861049652,0,14,"118_batch_size=32,bidirectional=True,dropout_inner_layers=0.078447,dropout_input_layers=0.58744,hidden_dim=512,learning_rate=0.00033678,monitor=mcc,num_layers=1,opt_step_size=11,shared_output_size=146,weight_decay=0.0013031",cnnlstm,0.0003367803310526692,32,True,1,512,mcc,146,11,0.001303110402157701,0.5874352558443805,0.0784470897185412,"['sleepEfficiency', 'awakening', 'totalSleepTime', 'combined']"
6a348_00119,0.8458150029182434,0.0,0.6223958134651184,0.2531925439834595,7.664331674575806,True,,,6,d97f354155cc4fdfa74c7c7245e8b92c,2021-10-08_02-17-08,1633648628,51.469228744506836,362433,crimv3srv041,10.141.0.35,51.469228744506836,0,6,"119_batch_size=64,bidirectional=True,dropout_inner_layers=0.93724,dropout_input_layers=0.012048,hidden_dim=256,learning_rate=0.038068,monitor=mcc,num_layers=1,opt_step_size=6,shared_output_size=111,weight_decay=0.00022101",cnnlstm,0.03806813591978259,64,True,1,256,mcc,111,6,0.0002210131389027934,0.012047814407525559,0.9372427910700732,"['sleepEfficiency', 'awakening', 'totalSleepTime', 'combined']"
6a348_00120,0.8608073592185974,0.06217069923877716,0.5983073115348816,0.2833944857120514,7.7722327709198,True,,,47,97d08fa64f884bcb9b68d49b892059f2,2021-10-08_02-23-21,1633649001,370.2064392566681,374820,crimv3srv041,10.141.0.35,370.2064392566681,0,47,"120_batch_size=64,bidirectional=False,dropout_inner_layers=0.83131,dropout_input_layers=0.80229,hidden_dim=128,learning_rate=3.2852e-05,monitor=loss,num_layers=1,opt_step_size=1,shared_output_size=122,weight_decay=1.4368e-05",cnnlstm,3.285224047763242e-05,64,False,1,128,loss,122,1,1.4368477373220335e-05,0.8022876179038908,0.8313123396814108,"['sleepEfficiency', 'awakening', 'totalSleepTime', 'combined']"
6a348_00121,0.789392352104187,0.3404950797557831,0.6806640625,0.4997001886367798,10.90647554397583,True,,,11,34b3b66448a34bbfb221831481bb1dac,2021-10-08_02-25-38,1633649138,134.3642647266388,6205,crimv3srv041,10.141.0.35,134.3642647266388,0,11,"121_batch_size=32,bidirectional=True,dropout_inner_layers=0.24316,dropout_input_layers=0.46256,hidden_dim=128,learning_rate=0.0029251,monitor=mcc,num_layers=2,opt_step_size=7,shared_output_size=183,weight_decay=0.00039102",cnnlstm,0.0029250918271417053,32,True,2,128,mcc,183,7,0.0003910184195356524,0.4625594897958364,0.24316148281969063,"['sleepEfficiency', 'awakening', 'totalSleepTime', 'combined']"
6a348_00122,0.8568652868270874,0.02535868063569069,0.619140625,0.2798386216163635,6.167882919311523,True,,,65,a59c65a9ed8248b3a4d207d76fe4c71e,2021-10-08_02-32-16,1633649536,394.65540075302124,38946,crimv3srv041,10.141.0.35,394.65540075302124,0,65,"122_batch_size=256,bidirectional=True,dropout_inner_layers=0.80211,dropout_input_layers=0.8707,hidden_dim=1024,learning_rate=3.8845e-05,monitor=loss,num_layers=1,opt_step_size=7,shared_output_size=185,weight_decay=0.00053948",cnnlstm,3.884456588900202e-05,256,True,1,1024,loss,185,7,0.0005394834546541334,0.8706951684594677,0.8021106268096039,"['sleepEfficiency', 'awakening', 'totalSleepTime', 'combined']"
6a348_00123,0.8424694538116455,0.0,0.6223958134651184,0.2531925439834595,11.086909055709839,True,,,6,651d53065d7f4d728e67f9c528cdf2f4,2021-10-08_02-33-35,1633649615,74.0715639591217,154852,crimv3srv041,10.141.0.35,74.0715639591217,0,6,"123_batch_size=32,bidirectional=False,dropout_inner_layers=0.69147,dropout_input_layers=0.06386,hidden_dim=512,learning_rate=0.012255,monitor=loss,num_layers=2,opt_step_size=5,shared_output_size=240,weight_decay=0.0044587",cnnlstm,0.012255033377868506,32,False,2,512,loss,240,5,0.004458738017265708,0.06385969328828,0.6914717589528718,"['sleepEfficiency', 'awakening', 'totalSleepTime', 'combined']"
6a348_00124,0.7830344438552856,-0.001978325890377164,0.62109375,0.2539353668689728,7.543453931808472,True,,,6,fe2ec5ed295a4b0e872c6d5682f82f7f,2021-10-08_02-34-31,1633649671,53.29329013824463,169331,crimv3srv041,10.141.0.35,53.29329013824463,0,6,"124_batch_size=64,bidirectional=False,dropout_inner_layers=0.6632,dropout_input_layers=0.17801,hidden_dim=512,learning_rate=0.00017363,monitor=mcc,num_layers=2,opt_step_size=3,shared_output_size=38,weight_decay=0.00029067",cnnlstm,0.00017362801345781453,64,False,2,512,mcc,38,3,0.0002906668214174969,0.1780065033489311,0.6631967546319106,"['sleepEfficiency', 'awakening', 'totalSleepTime', 'combined']"
6a348_00125,1.1230640411376953,0.0,0.3486328125,0.16276785731315613,6.167855739593506,True,,,6,26269d04a5894c84b843bac2e4e3ccdb,2021-10-08_02-35-15,1633649715,39.636104345321655,183402,crimv3srv041,10.141.0.35,39.636104345321655,0,6,"125_batch_size=256,bidirectional=False,dropout_inner_layers=0.69253,dropout_input_layers=0.93932,hidden_dim=128,learning_rate=8.6093e-06,monitor=mcc,num_layers=1,opt_step_size=18,shared_output_size=167,weight_decay=8.1834e-05",cnnlstm,8.609340433161275e-06,256,False,1,128,mcc,167,18,8.183433412467801e-05,0.9393169783076885,0.6925313586772986,"['sleepEfficiency', 'awakening', 'totalSleepTime', 'combined']"
6a348_00126,0.759709894657135,0.30400893092155457,0.6575520634651184,0.47796958684921265,10.9324049949646,True,,,30,8e511cf44bc54627b92bb511d60a95cd,2021-10-08_02-41-12,1633650072,355.4990220069885,195318,crimv3srv041,10.141.0.35,355.4990220069885,0,30,"126_batch_size=32,bidirectional=False,dropout_inner_layers=0.3182,dropout_input_layers=0.75778,hidden_dim=32,learning_rate=7.547e-05,monitor=mcc,num_layers=2,opt_step_size=13,shared_output_size=232,weight_decay=0.00023638",cnnlstm,7.546979368027358e-05,32,False,2,32,mcc,232,13,0.0002363805547300424,0.7577769115564429,0.3182020564345934,"['sleepEfficiency', 'awakening', 'totalSleepTime', 'combined']"
6a348_00127,0.95307457447052,0.0,0.6223958134651184,0.2531925439834595,5.980068683624268,True,,,7,3acbc185766d4289914a7488c0dbf35e,2021-10-08_02-42-04,1633650124,48.473700284957886,275062,crimv3srv041,10.141.0.35,48.473700284957886,0,7,"127_batch_size=128,bidirectional=True,dropout_inner_layers=0.034529,dropout_input_layers=0.96938,hidden_dim=256,learning_rate=4.5499e-05,monitor=mcc,num_layers=2,opt_step_size=13,shared_output_size=152,weight_decay=0.00089898",cnnlstm,4.549894261102006e-05,128,True,2,256,mcc,152,13,0.0008989823004310964,0.9693789959848832,0.03452896936165628,"['sleepEfficiency', 'awakening', 'totalSleepTime', 'combined']"
6a348_00128,0.8239652514457703,0.28116968274116516,0.65625,0.4563421905040741,5.84100341796875,True,,,12,54a625ccbcb24ed7b85119cbdc52f578,2021-10-08_02-43-25,1633650205,78.45326232910156,288357,crimv3srv041,10.141.0.35,78.45326232910156,0,12,"128_batch_size=256,bidirectional=True,dropout_inner_layers=0.46558,dropout_input_layers=0.89101,hidden_dim=1024,learning_rate=0.0043452,monitor=loss,num_layers=2,opt_step_size=2,shared_output_size=127,weight_decay=0.0081599",cnnlstm,0.004345236843017227,256,True,2,1024,loss,127,2,0.008159867729022078,0.8910086678952203,0.4655806369930773,"['sleepEfficiency', 'awakening', 'totalSleepTime', 'combined']"
6a348_00129,0.8905492424964905,0.05477911978960037,0.5891926884651184,0.26352524757385254,5.845296859741211,True,,,13,9579c4431f3545fbbbfb410270064726,2021-10-08_02-44-52,1633650292,83.62301397323608,312281,crimv3srv041,10.141.0.35,83.62301397323608,0,13,"129_batch_size=256,bidirectional=False,dropout_inner_layers=0.81722,dropout_input_layers=0.1309,hidden_dim=512,learning_rate=0.0020468,monitor=mcc,num_layers=2,opt_step_size=16,shared_output_size=142,weight_decay=0.0011013",cnnlstm,0.0020467787811685916,256,False,2,512,mcc,142,16,0.001101291984060027,0.13089972462341815,0.8172171255516425,"['sleepEfficiency', 'awakening', 'totalSleepTime', 'combined']"
6a348_00130,0.8002725839614868,0.04299677908420563,0.6123046875,0.2970201373100281,8.473188877105713,True,,,100,dd67b86fb9534fa58c088574f2bde508,2021-10-08_02-58-13,1633651093,796.9588539600372,337445,crimv3srv041,10.141.0.35,796.9588539600372,0,100,"130_batch_size=64,bidirectional=False,dropout_inner_layers=0.67453,dropout_input_layers=0.96665,hidden_dim=128,learning_rate=1.1017e-05,monitor=loss,num_layers=1,opt_step_size=11,shared_output_size=141,weight_decay=0.0010297",cnnlstm,1.1017492159610701e-05,64,False,1,128,loss,141,11,0.0010297040337484964,0.9666457770114029,0.6745329909465106,"['sleepEfficiency', 'awakening', 'totalSleepTime', 'combined']"
6a348_00131,0.843081533908844,0.0,0.6223958134651184,0.2531925439834595,13.110690832138062,True,,,8,54607d18e8574d3e9138daad758c1e57,2021-10-08_02-59-58,1633651198,100.08250164985657,87570,crimv3srv041,10.141.0.35,100.08250164985657,0,8,"131_batch_size=32,bidirectional=True,dropout_inner_layers=0.1837,dropout_input_layers=0.63345,hidden_dim=1024,learning_rate=0.016867,monitor=loss,num_layers=2,opt_step_size=9,shared_output_size=165,weight_decay=1.5914e-05",cnnlstm,0.016867487657462148,32,True,2,1024,loss,165,9,1.5914405268175664e-05,0.6334485224166153,0.18369934977020297,"['sleepEfficiency', 'awakening', 'totalSleepTime', 'combined']"
6a348_00132,1.1240077018737793,0.0,0.2848307192325592,0.13356249034404755,7.842403411865234,True,,,6,809d541802a34a2f934268bd315c5dc5,2021-10-08_03-00-57,1633651257,53.70136904716492,110236,crimv3srv041,10.141.0.35,53.70136904716492,0,6,"132_batch_size=64,bidirectional=True,dropout_inner_layers=0.81173,dropout_input_layers=0.53926,hidden_dim=128,learning_rate=5.3031e-06,monitor=mcc,num_layers=1,opt_step_size=12,shared_output_size=35,weight_decay=0.00041937",cnnlstm,5.30306766461358e-06,64,True,1,128,mcc,35,12,0.0004193672972713089,0.5392625420132505,0.811730849193381,"['sleepEfficiency', 'awakening', 'totalSleepTime', 'combined']"
6a348_00133,1.1816909313201904,0.0,0.1087239608168602,0.06328403949737549,10.752897024154663,True,,,6,94defb45d93847539b873666d1b604c0,2021-10-08_03-02-16,1633651336,76.17118883132935,124595,crimv3srv041,10.141.0.35,76.17118883132935,0,6,"133_batch_size=32,bidirectional=True,dropout_inner_layers=0.51184,dropout_input_layers=0.11757,hidden_dim=32,learning_rate=2.3058e-06,monitor=mcc,num_layers=1,opt_step_size=18,shared_output_size=127,weight_decay=0.0028995",cnnlstm,2.305811830587957e-06,32,True,1,32,mcc,127,18,0.002899526751990403,0.11757435678248684,0.5118410548107143,"['sleepEfficiency', 'awakening', 'totalSleepTime', 'combined']"
6a348_00134,1.1202744245529175,0.0,0.2688802182674408,0.13919319212436676,12.351799488067627,True,,,6,aa5fc4ef10194c8eb1e6a538c88a9253,2021-10-08_03-03-31,1633651411,72.32900285720825,140891,crimv3srv041,10.141.0.35,72.32900285720825,0,6,"134_batch_size=32,bidirectional=True,dropout_inner_layers=0.26716,dropout_input_layers=0.55986,hidden_dim=1024,learning_rate=2.4026e-06,monitor=mcc,num_layers=2,opt_step_size=11,shared_output_size=128,weight_decay=0.00015974",cnnlstm,2.402614181781985e-06,32,True,2,1024,mcc,128,11,0.00015973946332165556,0.5598578790352973,0.26716488893162804,"['sleepEfficiency', 'awakening', 'totalSleepTime', 'combined']"
6a348_00135,0.7849330902099609,0.300405889749527,0.6640625,0.4573916494846344,5.6506359577178955,True,,,14,66bac2385cde4ca780772a49edbf06b3,2021-10-08_03-05-05,1633651505,89.29171848297119,156150,crimv3srv041,10.141.0.35,89.29171848297119,0,14,"135_batch_size=256,bidirectional=True,dropout_inner_layers=0.47471,dropout_input_layers=0.42935,hidden_dim=128,learning_rate=0.0037906,monitor=loss,num_layers=1,opt_step_size=11,shared_output_size=149,weight_decay=0.0046691",cnnlstm,0.00379063516047365,256,True,1,128,loss,149,11,0.004669133621198149,0.4293465965151416,0.4747119758343058,"['sleepEfficiency', 'awakening', 'totalSleepTime', 'combined']"
6a348_00136,1.1415609121322632,0.0,0.1087239608168602,0.06328403949737549,10.723699808120728,True,,,6,74cce916898342848d2224c91b9e7b28,2021-10-08_03-06-26,1633651586,76.84642362594604,181182,crimv3srv041,10.141.0.35,76.84642362594604,0,6,"136_batch_size=32,bidirectional=True,dropout_inner_layers=0.6477,dropout_input_layers=0.010476,hidden_dim=32,learning_rate=5.4966e-06,monitor=mcc,num_layers=1,opt_step_size=5,shared_output_size=238,weight_decay=0.0019715",cnnlstm,5.496627543997943e-06,32,True,1,32,mcc,238,5,0.00197148622481301,0.010476303532492848,0.6476960395313117,"['sleepEfficiency', 'awakening', 'totalSleepTime', 'combined']"
6a348_00137,0.8845984935760498,0.2831416726112366,0.64453125,0.46715500950813293,6.2779951095581055,True,,,15,78ee064140e94b969e0e7b63372b3ad0,2021-10-08_03-08-10,1633651690,100.67591381072998,197249,crimv3srv041,10.141.0.35,100.67591381072998,0,15,"137_batch_size=128,bidirectional=True,dropout_inner_layers=0.58103,dropout_input_layers=0.35748,hidden_dim=128,learning_rate=0.0019821,monitor=mcc,num_layers=2,opt_step_size=5,shared_output_size=193,weight_decay=0.00083819",cnnlstm,0.0019820744639701023,128,True,2,128,mcc,193,5,0.0008381853492183249,0.35748455545014846,0.5810252639854336,"['sleepEfficiency', 'awakening', 'totalSleepTime', 'combined']"
6a348_00138,0.8429663181304932,0.0,0.6223958134651184,0.2531925439834595,10.888547420501709,True,,,6,3c6e4e95ad1942c0b8bce483aa9099f3,2021-10-08_03-09-30,1633651770,76.88918662071228,223324,crimv3srv041,10.141.0.35,76.88918662071228,0,6,"138_batch_size=32,bidirectional=False,dropout_inner_layers=0.98701,dropout_input_layers=0.49623,hidden_dim=512,learning_rate=0.020634,monitor=mcc,num_layers=2,opt_step_size=10,shared_output_size=6,weight_decay=1.7333e-05",cnnlstm,0.020633852843969187,32,False,2,512,mcc,6,10,1.7333207985294333e-05,0.4962304393025959,0.9870140725190155,"['sleepEfficiency', 'awakening', 'totalSleepTime', 'combined']"
6a348_00139,0.805176854133606,0.0,0.6223958134651184,0.2531925439834595,11.385181427001953,True,,,100,8766ef7f17bb4c5db1ca6d4fe4d48ce2,2021-10-08_03-29-10,1633652950,1177.7871735095978,238393,crimv3srv041,10.141.0.35,1177.7871735095978,0,100,"139_batch_size=32,bidirectional=True,dropout_inner_layers=0.60215,dropout_input_layers=0.17074,hidden_dim=128,learning_rate=4.4757e-06,monitor=loss,num_layers=2,opt_step_size=4,shared_output_size=59,weight_decay=0.0039023",cnnlstm,4.475735954537573e-06,32,True,2,128,loss,59,4,0.003902268073918802,0.17073848543090842,0.602147566803734,"['sleepEfficiency', 'awakening', 'totalSleepTime', 'combined']"
6a348_00140,0.8012529015541077,0.15908625721931458,0.6451823115348816,0.32884296774864197,5.686345338821411,True,,,29,a4d3ee58a9a5435c96eb507468c355e3,2021-10-08_03-32-17,1633653137,184.96183705329895,32133,crimv3srv041,10.141.0.35,184.96183705329895,0,29,"140_batch_size=128,bidirectional=True,dropout_inner_layers=0.80613,dropout_input_layers=0.08895,hidden_dim=512,learning_rate=0.00011788,monitor=loss,num_layers=2,opt_step_size=19,shared_output_size=191,weight_decay=0.0053371",cnnlstm,0.00011787644269199157,128,True,2,512,loss,191,19,0.005337090904220241,0.08894996171675418,0.8061269597832083,"['sleepEfficiency', 'awakening', 'totalSleepTime', 'combined']"
6a348_00141,0.821060061454773,0.0,0.6223958134651184,0.2531925439834595,7.458263397216797,True,,,7,bda67aa84bb74e48abea7c0bc84cde63,2021-10-08_03-33-21,1633653201,59.5571129322052,80820,crimv3srv041,10.141.0.35,59.5571129322052,0,7,"141_batch_size=64,bidirectional=True,dropout_inner_layers=0.52904,dropout_input_layers=0.94225,hidden_dim=1024,learning_rate=0.016827,monitor=mcc,num_layers=1,opt_step_size=9,shared_output_size=16,weight_decay=2.5485e-05",cnnlstm,0.01682700976601104,64,True,1,1024,mcc,16,9,2.548544467404447e-05,0.9422548145655795,0.5290431834238116,"['sleepEfficiency', 'awakening', 'totalSleepTime', 'combined']"
6a348_00142,1.0817956924438477,0.0,0.3125,0.15045377612113953,6.399440050125122,True,,,6,c9d66d22451e4a3e810ee8ea36d6bea0,2021-10-08_03-34-08,1633653248,43.0453827381134,96333,crimv3srv041,10.141.0.35,43.0453827381134,0,6,"142_batch_size=128,bidirectional=False,dropout_inner_layers=0.15419,dropout_input_layers=0.35843,hidden_dim=32,learning_rate=2.2745e-06,monitor=mcc,num_layers=1,opt_step_size=9,shared_output_size=131,weight_decay=0.0019167",cnnlstm,2.2745319521497786e-06,128,False,1,32,mcc,131,9,0.001916675230484495,0.3584310333741534,0.1541912266219423,"['sleepEfficiency', 'awakening', 'totalSleepTime', 'combined']"
6a348_00143,0.8436992168426514,0.0,0.6223958134651184,0.2531925439834595,5.1602606773376465,True,,,11,fea2fed8188c48a2b3c220b46b438f17,2021-10-08_03-35-22,1633653322,71.437344789505,108036,crimv3srv041,10.141.0.35,71.437344789505,0,11,"143_batch_size=256,bidirectional=True,dropout_inner_layers=0.57323,dropout_input_layers=0.97488,hidden_dim=512,learning_rate=0.037472,monitor=loss,num_layers=2,opt_step_size=7,shared_output_size=4,weight_decay=0.00058476",cnnlstm,0.037471645753022274,256,True,2,512,loss,4,7,0.0005847583618796254,0.9748806252879552,0.5732263292295324,"['sleepEfficiency', 'awakening', 'totalSleepTime', 'combined']"
6a348_00144,0.8663215637207031,0.0,0.6223958134651184,0.2531925439834595,5.981595277786255,True,,,6,d4a847f3ce2d408193f8ef4c6d7cf9ee,2021-10-08_03-36-07,1633653367,42.69770383834839,127467,crimv3srv041,10.141.0.35,42.69770383834839,0,6,"144_batch_size=256,bidirectional=False,dropout_inner_layers=0.32906,dropout_input_layers=0.28333,hidden_dim=64,learning_rate=0.00013261,monitor=mcc,num_layers=2,opt_step_size=16,shared_output_size=121,weight_decay=7.4466e-05",cnnlstm,0.00013261055082511744,256,False,2,64,mcc,121,16,7.446606900956328e-05,0.2833284447566168,0.32905615013557776,"['sleepEfficiency', 'awakening', 'totalSleepTime', 'combined']"
6a348_00145,0.7753133773803711,0.30903008580207825,0.6608073115348816,0.47493746876716614,5.847526550292969,True,,,15,09abf3e4fd2c43648bdf3d8c50314298,2021-10-08_03-37-46,1633653466,94.98844981193542,140088,crimv3srv041,10.141.0.35,94.98844981193542,0,15,"145_batch_size=256,bidirectional=False,dropout_inner_layers=0.54554,dropout_input_layers=0.39881,hidden_dim=1024,learning_rate=0.0010586,monitor=mcc,num_layers=1,opt_step_size=7,shared_output_size=61,weight_decay=0.0027635",cnnlstm,0.0010585706884838433,256,False,1,1024,mcc,61,7,0.0027634786363209527,0.3988143265577395,0.5455415827946679,"['sleepEfficiency', 'awakening', 'totalSleepTime', 'combined']"
6a348_00146,0.8972722291946411,0.31417250633239746,0.6513671875,0.47874629497528076,5.873426675796509,True,,,14,79b91e55369a4abc8c772bd806b1d074,2021-10-08_03-39-24,1633653564,93.96349549293518,168585,crimv3srv041,10.141.0.35,93.96349549293518,0,14,"146_batch_size=128,bidirectional=True,dropout_inner_layers=0.31028,dropout_input_layers=0.09817,hidden_dim=32,learning_rate=0.004391,monitor=mcc,num_layers=2,opt_step_size=5,shared_output_size=4,weight_decay=0.0065405",cnnlstm,0.004391022675693549,128,True,2,32,mcc,4,5,0.0065404631113472516,0.09817042743011406,0.31028400476595175,"['sleepEfficiency', 'awakening', 'totalSleepTime', 'combined']"
6a348_00147,0.8425862193107605,0.0,0.6223958134651184,0.2531925439834595,5.575917720794678,True,,,6,cb812398680642c1838d3e512a0586d8,2021-10-08_03-40-09,1633653609,41.17643737792969,196211,crimv3srv041,10.141.0.35,41.17643737792969,0,6,"147_batch_size=256,bidirectional=False,dropout_inner_layers=0.87596,dropout_input_layers=0.32191,hidden_dim=64,learning_rate=0.097785,monitor=mcc,num_layers=1,opt_step_size=18,shared_output_size=224,weight_decay=0.0024714",cnnlstm,0.0977846084256798,256,False,1,64,mcc,224,18,0.002471387083059843,0.32190613209820085,0.8759603062916144,"['sleepEfficiency', 'awakening', 'totalSleepTime', 'combined']"
6a348_00148,1.107234001159668,0.0,0.2268880158662796,0.11601527035236359,6.046806335449219,True,,,6,cc8f76823a4c4e40aac6542c4f8b9595,2021-10-08_03-40-54,1633653654,42.68442106246948,208631,crimv3srv041,10.141.0.35,42.68442106246948,0,6,"148_batch_size=128,bidirectional=True,dropout_inner_layers=0.20151,dropout_input_layers=0.30583,hidden_dim=32,learning_rate=6.7476e-06,monitor=mcc,num_layers=2,opt_step_size=18,shared_output_size=113,weight_decay=0.00012701",cnnlstm,6.747569318090685e-06,128,True,2,32,mcc,113,18,0.00012700753500313598,0.30583398129082706,0.20150641359293042,"['sleepEfficiency', 'awakening', 'totalSleepTime', 'combined']"
6a348_00149,0.7961521148681641,0.06952112168073654,0.638671875,0.29513949155807495,7.415213584899902,True,,,12,050016e34e064629adb9488ed9007b13,2021-10-08_03-42-34,1633653754,96.64654564857483,221597,crimv3srv041,10.141.0.35,96.64654564857483,0,12,"149_batch_size=64,bidirectional=False,dropout_inner_layers=0.8451,dropout_input_layers=0.59036,hidden_dim=1024,learning_rate=0.00062749,monitor=loss,num_layers=1,opt_step_size=6,shared_output_size=26,weight_decay=0.0019215",cnnlstm,0.0006274906235925213,64,False,1,1024,loss,26,6,0.0019214786964749824,0.5903613400159317,0.845099860000478,"['sleepEfficiency', 'awakening', 'totalSleepTime', 'combined']"
6a348_00150,1.1072489023208618,0.0,0.3502604067325592,0.16545897722244263,5.958964586257935,True,,,6,d56675c617c04673b4ebbfa67009a538,2021-10-08_03-43-19,1633653799,40.60453248023987,248041,crimv3srv041,10.141.0.35,40.60453248023987,0,6,"150_batch_size=256,bidirectional=False,dropout_inner_layers=0.27499,dropout_input_layers=0.73662,hidden_dim=512,learning_rate=2.0686e-05,monitor=mcc,num_layers=2,opt_step_size=11,shared_output_size=178,weight_decay=2.4101e-05",cnnlstm,2.068621126792565e-05,256,False,2,512,mcc,178,11,2.410140038522354e-05,0.7366191376731713,0.2749923680361861,"['sleepEfficiency', 'awakening', 'totalSleepTime', 'combined']"
6a348_00151,0.8493987917900085,0.29714685678482056,0.6663411259651184,0.46275654435157776,11.819387435913086,True,,,11,7167ec6a67d146d28c272ec21fc792f0,2021-10-08_03-45-33,1633653933,132.00185894966125,259738,crimv3srv041,10.141.0.35,132.00185894966125,0,11,"151_batch_size=32,bidirectional=False,dropout_inner_layers=0.47796,dropout_input_layers=0.81067,hidden_dim=1024,learning_rate=0.0014912,monitor=loss,num_layers=1,opt_step_size=5,shared_output_size=21,weight_decay=0.00062037",cnnlstm,0.0014911508261888967,32,False,1,1024,loss,21,5,0.0006203688847961412,0.8106677213842308,0.4779618279785788,"['sleepEfficiency', 'awakening', 'totalSleepTime', 'combined']"
6a348_00152,0.8807323575019836,0.18761208653450012,0.6028645634651184,0.37212690711021423,5.581634283065796,True,,,22,b7cd06a67d7942208ed70134dd07c184,2021-10-08_03-48-01,1633654081,143.26555705070496,286946,crimv3srv041,10.141.0.35,143.26555705070496,0,22,"152_batch_size=128,bidirectional=False,dropout_inner_layers=0.74237,dropout_input_layers=0.71641,hidden_dim=32,learning_rate=0.00068916,monitor=mcc,num_layers=1,opt_step_size=7,shared_output_size=152,weight_decay=0.0015014",cnnlstm,0.0006891619004870504,128,False,1,32,mcc,152,7,0.0015013969492431772,0.7164126586692338,0.7423656539836837,"['sleepEfficiency', 'awakening', 'totalSleepTime', 'combined']"
