trial_id,loss,mcc,acc,macroF1,time_this_iter_s,done,timesteps_total,episodes_total,training_iteration,experiment_id,date,timestamp,time_total_s,pid,hostname,node_ip,time_since_restore,timesteps_since_restore,iterations_since_restore,experiment_tag,config.structure,config.learning_rate,config.batch_size,config.bidirectional,config.num_layers,config.hidden_dim,config.monitor,config.shared_output_size,config.opt_step_size,config.weight_decay,config.dropout_input_layers,config.dropout_inner_layers,config.sleep_metrics
8f271_00000,1.0189276933670044,0.032819513231515884,0.5944010615348816,0.2657488286495209,5.930556297302246,True,,,100,fe75feaf10994530adf969fd563f15d0,2021-10-12_02-00-19,1633993219,617.6449906826019,108917,crimv3srv041,10.141.0.35,617.6449906826019,0,100,"0_batch_size=64,bidirectional=True,dropout_inner_layers=0.2481,dropout_input_layers=0.41851,hidden_dim=32,learning_rate=1.1269e-06,monitor=loss,num_layers=1,opt_step_size=2,shared_output_size=128,weight_decay=4.5256e-05",lstm,1.1268620922535336e-06,64,True,1,32,loss,128,2,4.5255985530599084e-05,0.41850818051045247,0.24810116841355911,"['sleepEfficiency', 'awakening', 'totalSleepTime', 'combined']"
8f271_00001,1.1586816310882568,0.0,0.123046875,0.0703350380063057,5.660409927368164,True,,,6,e987efc828c6483fba7b356fb7a33c8c,2021-10-12_02-01-03,1633993263,41.33979845046997,270972,crimv3srv041,10.141.0.35,41.33979845046997,0,6,"1_batch_size=128,bidirectional=False,dropout_inner_layers=0.95096,dropout_input_layers=0.87856,hidden_dim=128,learning_rate=2.6321e-06,monitor=mcc,num_layers=1,opt_step_size=2,shared_output_size=93,weight_decay=3.1647e-05",lstm,2.6320749736273015e-06,128,False,1,128,mcc,93,2,3.1646744413349114e-05,0.878559085532659,0.9509640316267165,"['sleepEfficiency', 'awakening', 'totalSleepTime', 'combined']"
8f271_00002,1.1385270357131958,0.0,0.2360026091337204,0.11691847443580627,6.990878105163574,True,,,6,617f9f96acbc4baea32ee097e57b330b,2021-10-12_02-02-04,1633993324,57.44843101501465,282142,crimv3srv041,10.141.0.35,57.44843101501465,0,6,"2_batch_size=32,bidirectional=True,dropout_inner_layers=0.54784,dropout_input_layers=0.6669,hidden_dim=256,learning_rate=1.5622e-06,monitor=mcc,num_layers=2,opt_step_size=11,shared_output_size=186,weight_decay=0.0049433",lstm,1.5622188693842582e-06,32,True,2,256,mcc,186,11,0.004943349933141232,0.6668989729196366,0.5478377830464816,"['sleepEfficiency', 'awakening', 'totalSleepTime', 'combined']"
8f271_00003,0.830043613910675,0.37134504318237305,0.6663411259651184,0.5339183211326599,7.370086431503296,True,,,15,9aff8686067e4ef982046963dbe3c44e,2021-10-12_02-04-06,1633993446,117.6211290359497,295484,crimv3srv041,10.141.0.35,117.6211290359497,0,15,"3_batch_size=32,bidirectional=True,dropout_inner_layers=0.46567,dropout_input_layers=0.82487,hidden_dim=128,learning_rate=0.0032519,monitor=mcc,num_layers=1,opt_step_size=12,shared_output_size=229,weight_decay=0.0012115",lstm,0.0032518995380974173,32,True,1,128,mcc,229,12,0.0012114793986107313,0.8248704645005481,0.46566847536726585,"['sleepEfficiency', 'awakening', 'totalSleepTime', 'combined']"
8f271_00004,0.8445301055908203,0.0,0.6223958134651184,0.2531925439834595,5.392735004425049,True,,,8,66603f394bb9408086df8ef63d6d7335,2021-10-12_02-04-59,1633993499,49.77438926696777,324306,crimv3srv041,10.141.0.35,49.77438926696777,0,8,"4_batch_size=128,bidirectional=False,dropout_inner_layers=0.52108,dropout_input_layers=0.16964,hidden_dim=64,learning_rate=0.050422,monitor=loss,num_layers=1,opt_step_size=9,shared_output_size=193,weight_decay=0.0089141",lstm,0.050422229829618456,128,False,1,64,loss,193,9,0.008914104985655112,0.1696362575837671,0.5210847114597973,"['sleepEfficiency', 'awakening', 'totalSleepTime', 'combined']"
8f271_00005,0.8426203727722168,0.0,0.6223958134651184,0.2531925439834595,5.867675304412842,True,,,10,49e1036963024c9184d9aaa93b997897,2021-10-12_02-06-11,1633993571,68.61987066268921,338263,crimv3srv041,10.141.0.35,68.61987066268921,0,10,"5_batch_size=64,bidirectional=False,dropout_inner_layers=0.24312,dropout_input_layers=0.18554,hidden_dim=256,learning_rate=0.053406,monitor=loss,num_layers=2,opt_step_size=19,shared_output_size=184,weight_decay=0.0081759",lstm,0.053405635200435675,64,False,2,256,loss,184,19,0.008175946411773794,0.18554168693446071,0.2431156753134085,"['sleepEfficiency', 'awakening', 'totalSleepTime', 'combined']"
8f271_00006,0.7728933691978455,0.19936498999595642,0.640625,0.35736939311027527,6.617926836013794,True,,,16,e267f8e4deb54094a676afdaf5aa6641,2021-10-12_02-08-03,1633993683,105.73066258430481,356273,crimv3srv041,10.141.0.35,105.73066258430481,0,16,"6_batch_size=64,bidirectional=True,dropout_inner_layers=0.46353,dropout_input_layers=0.3469,hidden_dim=64,learning_rate=0.023281,monitor=loss,num_layers=1,opt_step_size=17,shared_output_size=186,weight_decay=0.0018829",lstm,0.023281138555331107,64,True,1,64,loss,186,17,0.001882929069794358,0.3469019537755197,0.46353471398405754,"['sleepEfficiency', 'awakening', 'totalSleepTime', 'combined']"
8f271_00007,0.9379680156707764,0.0,0.6223958134651184,0.2531925439834595,5.709203243255615,True,,,11,15ab336c14054e5a8a5ba1cd48b61025,2021-10-12_02-09-16,1633993756,69.24150085449219,384595,crimv3srv041,10.141.0.35,69.24150085449219,0,11,"7_batch_size=256,bidirectional=False,dropout_inner_layers=0.97872,dropout_input_layers=0.89892,hidden_dim=256,learning_rate=0.001129,monitor=loss,num_layers=1,opt_step_size=9,shared_output_size=134,weight_decay=2.6331e-05",lstm,0.0011289863841006823,256,False,1,256,loss,134,9,2.6331432971339587e-05,0.8989229937673232,0.978719518984546,"['sleepEfficiency', 'awakening', 'totalSleepTime', 'combined']"
8f271_00008,0.8446338772773743,0.0,0.6223958134651184,0.2531925439834595,11.655709981918335,True,,,6,43510791751348cf8400afe9a7ad979e,2021-10-12_02-10-47,1633993847,87.24569582939148,403787,crimv3srv041,10.141.0.35,87.24569582939148,0,6,"8_batch_size=32,bidirectional=True,dropout_inner_layers=0.64712,dropout_input_layers=0.039455,hidden_dim=1024,learning_rate=0.044534,monitor=mcc,num_layers=2,opt_step_size=19,shared_output_size=201,weight_decay=0.0059649",lstm,0.04453377053069205,32,True,2,1024,mcc,201,19,0.0059648596830554935,0.03945481767426706,0.6471167135451114,"['sleepEfficiency', 'awakening', 'totalSleepTime', 'combined']"
8f271_00009,0.6715292930603027,0.4054449796676636,0.7083333134651184,0.529949426651001,7.34671425819397,True,,,13,d7970f6fa2d0466ebe2a2c1baa8b49bf,2021-10-12_02-12-48,1633993968,116.81620526313782,420798,crimv3srv041,10.141.0.35,116.81620526313782,0,13,"9_batch_size=32,bidirectional=False,dropout_inner_layers=0.23961,dropout_input_layers=0.67371,hidden_dim=512,learning_rate=0.0015498,monitor=loss,num_layers=2,opt_step_size=15,shared_output_size=100,weight_decay=0.00016227",lstm,0.0015497795417655797,32,False,2,512,loss,100,15,0.0001622747930594793,0.6737143186444894,0.2396081670712522,"['sleepEfficiency', 'awakening', 'totalSleepTime', 'combined']"
8f271_00010,0.7506657838821411,0.2988061010837555,0.6565755009651184,0.3976403474807739,7.426295757293701,True,,,98,97654dd423d948fdb44ffb1a36faf407,2021-10-12_02-26-56,1633994816,844.2118670940399,450327,crimv3srv041,10.141.0.35,844.2118670940399,0,98,"10_batch_size=32,bidirectional=False,dropout_inner_layers=0.87012,dropout_input_layers=0.63557,hidden_dim=1024,learning_rate=7.7144e-06,monitor=loss,num_layers=1,opt_step_size=3,shared_output_size=226,weight_decay=1.6228e-05",lstm,7.714392944253698e-06,32,False,1,1024,loss,226,3,1.6227688920677303e-05,0.635572831962246,0.8701190031896262,"['sleepEfficiency', 'awakening', 'totalSleepTime', 'combined']"
8f271_00011,0.7415058612823486,0.289997398853302,0.6591796875,0.4089166820049286,5.504987955093384,True,,,35,c9a809fb80c2441692e7dc9e190457c6,2021-10-12_02-30-22,1633995022,201.97593450546265,175807,crimv3srv041,10.141.0.35,201.97593450546265,0,35,"11_batch_size=256,bidirectional=True,dropout_inner_layers=0.37512,dropout_input_layers=0.022867,hidden_dim=128,learning_rate=5.9052e-05,monitor=loss,num_layers=1,opt_step_size=1,shared_output_size=201,weight_decay=0.0053509",lstm,5.9051664422223445e-05,256,True,1,128,loss,201,1,0.0053509220915861485,0.022866949969676864,0.3751227624957739,"['sleepEfficiency', 'awakening', 'totalSleepTime', 'combined']"
8f271_00012,0.7832876443862915,0.00819035992026329,0.6162109375,0.27133050560951233,6.417617321014404,True,,,100,a8532ed4279541e99d40f1e12fdefb22,2021-10-12_02-40-16,1633995616,591.0063145160675,232813,crimv3srv041,10.141.0.35,591.0063145160675,0,100,"12_batch_size=128,bidirectional=True,dropout_inner_layers=0.41435,dropout_input_layers=0.49814,hidden_dim=32,learning_rate=9.9579e-06,monitor=loss,num_layers=2,opt_step_size=2,shared_output_size=120,weight_decay=0.00021495",lstm,9.957874378938733e-06,128,True,2,32,loss,120,2,0.0002149497206948265,0.49813961036179266,0.41434632479962163,"['sleepEfficiency', 'awakening', 'totalSleepTime', 'combined']"
8f271_00013,1.0956729650497437,0.0,0.3268229067325592,0.15750478208065033,5.682358264923096,True,,,6,69527610633b4da288e158428771493b,2021-10-12_02-41-01,1633995661,40.84384250640869,405146,crimv3srv041,10.141.0.35,40.84384250640869,0,6,"13_batch_size=128,bidirectional=False,dropout_inner_layers=0.83635,dropout_input_layers=0.51951,hidden_dim=512,learning_rate=1.1784e-05,monitor=mcc,num_layers=1,opt_step_size=17,shared_output_size=87,weight_decay=0.00035797",lstm,1.1783649454303449e-05,128,False,1,512,mcc,87,17,0.0003579654474243257,0.5195139615528149,0.8363517261619613,"['sleepEfficiency', 'awakening', 'totalSleepTime', 'combined']"
8f271_00014,1.1666735410690308,0.0,0.2288411408662796,0.12271834164857864,5.82051944732666,True,,,100,78a87aa7d62140078f4ff633d7414ddf,2021-10-12_02-50-30,1633996230,566.4764924049377,417257,crimv3srv041,10.141.0.35,566.4764924049377,0,100,"14_batch_size=256,bidirectional=True,dropout_inner_layers=0.14679,dropout_input_layers=0.13493,hidden_dim=32,learning_rate=1.0983e-06,monitor=loss,num_layers=2,opt_step_size=13,shared_output_size=104,weight_decay=0.00052963",lstm,1.098310725843565e-06,256,True,2,32,loss,104,13,0.0005296331369759431,0.1349277444379824,0.14678823181091394,"['sleepEfficiency', 'awakening', 'totalSleepTime', 'combined']"
8f271_00015,1.162334680557251,0.0,0.2125651091337204,0.10896427184343338,5.794966697692871,True,,,6,ab57e0c53bee4b9d9b12be43c78e4719,2021-10-12_02-51-17,1633996277,44.14063286781311,120026,crimv3srv041,10.141.0.35,44.14063286781311,0,6,"15_batch_size=128,bidirectional=True,dropout_inner_layers=0.78792,dropout_input_layers=0.56825,hidden_dim=64,learning_rate=1.8699e-06,monitor=mcc,num_layers=1,opt_step_size=4,shared_output_size=245,weight_decay=0.0014112",lstm,1.8698952046608086e-06,128,True,1,64,mcc,245,4,0.0014112337678149004,0.5682485862311178,0.7879243948259242,"['sleepEfficiency', 'awakening', 'totalSleepTime', 'combined']"
8f271_00016,0.8438606858253479,0.0,0.6223958134651184,0.2531925439834595,5.7378246784210205,True,,,6,166e468583394370831d8512086178b9,2021-10-12_02-52-00,1633996320,39.31619358062744,131174,crimv3srv041,10.141.0.35,39.31619358062744,0,6,"16_batch_size=256,bidirectional=True,dropout_inner_layers=0.14924,dropout_input_layers=0.69998,hidden_dim=32,learning_rate=0.091112,monitor=mcc,num_layers=1,opt_step_size=8,shared_output_size=211,weight_decay=6.9874e-05",lstm,0.09111245566046482,256,True,1,32,mcc,211,8,6.987355529418901e-05,0.6999808958962674,0.14923920953342074,"['sleepEfficiency', 'awakening', 'totalSleepTime', 'combined']"
8f271_00017,0.7411072254180908,0.2849333584308624,0.6598307490348816,0.4123358428478241,5.970059394836426,True,,,12,f13a0e4d8f3440809f597068683d8dd9,2021-10-12_02-53-26,1633996406,83.85537266731262,142970,crimv3srv041,10.141.0.35,83.85537266731262,0,12,"17_batch_size=64,bidirectional=True,dropout_inner_layers=0.59236,dropout_input_layers=0.35446,hidden_dim=128,learning_rate=0.011545,monitor=loss,num_layers=2,opt_step_size=17,shared_output_size=228,weight_decay=0.0032322",lstm,0.011545483416634089,64,True,2,128,loss,228,17,0.0032321614038338725,0.3544573619314896,0.592360807642609,"['sleepEfficiency', 'awakening', 'totalSleepTime', 'combined']"
8f271_00018,1.0467770099639893,0.027033910155296326,0.5390625,0.2551708519458771,6.3524558544158936,True,,,100,7c6911f994a244209583b8c4640620f2,2021-10-12_03-04-28,1633997068,657.6286337375641,161882,crimv3srv041,10.141.0.35,657.6286337375641,0,100,"18_batch_size=256,bidirectional=True,dropout_inner_layers=0.13354,dropout_input_layers=0.51746,hidden_dim=512,learning_rate=1.0875e-06,monitor=loss,num_layers=1,opt_step_size=11,shared_output_size=20,weight_decay=0.0056439",lstm,1.0874987508639042e-06,256,True,1,512,loss,20,11,0.005643884512778675,0.5174602417688304,0.13353967592343363,"['sleepEfficiency', 'awakening', 'totalSleepTime', 'combined']"
8f271_00019,0.9659427404403687,0.0,0.4446614682674408,0.1948314607143402,7.903742074966431,True,,,6,ded8bca61b0744c9b01f6740fc4a3410,2021-10-12_03-05-36,1633997136,62.995826959609985,342904,crimv3srv041,10.141.0.35,62.995826959609985,0,6,"19_batch_size=64,bidirectional=True,dropout_inner_layers=0.57583,dropout_input_layers=0.26102,hidden_dim=1024,learning_rate=3.6536e-06,monitor=mcc,num_layers=2,opt_step_size=18,shared_output_size=87,weight_decay=0.00043473",lstm,3.653554332799661e-06,64,True,2,1024,mcc,87,18,0.0004347346030564226,0.26101658314752796,0.5758255178198639,"['sleepEfficiency', 'awakening', 'totalSleepTime', 'combined']"
8f271_00020,0.8222963809967041,-0.00015941508172545582,0.6220703125,0.25438547134399414,7.1261677742004395,True,,,7,e449895378a2437aacdb150e703acbf5,2021-10-12_03-06-44,1633997204,63.97311878204346,359493,crimv3srv041,10.141.0.35,63.97311878204346,0,7,"20_batch_size=32,bidirectional=False,dropout_inner_layers=0.52031,dropout_input_layers=0.96516,hidden_dim=256,learning_rate=3.7091e-05,monitor=mcc,num_layers=2,opt_step_size=10,shared_output_size=44,weight_decay=0.00030149",lstm,3.709052954955428e-05,32,False,2,256,mcc,44,10,0.000301489474786139,0.9651581834600466,0.5203119444971533,"['sleepEfficiency', 'awakening', 'totalSleepTime', 'combined']"
8f271_00021,0.8472815752029419,0.0,0.6223958134651184,0.2531925439834595,7.814289808273315,True,,,6,7a47ae9c1e98401c8f2e699c9cc19449,2021-10-12_03-07-40,1633997260,51.76101803779602,375126,crimv3srv041,10.141.0.35,51.76101803779602,0,6,"21_batch_size=32,bidirectional=False,dropout_inner_layers=0.84494,dropout_input_layers=0.57041,hidden_dim=512,learning_rate=0.032742,monitor=mcc,num_layers=1,opt_step_size=3,shared_output_size=31,weight_decay=1.103e-05",lstm,0.032742209084671056,32,False,1,512,mcc,31,3,1.1030290838686267e-05,0.5704137147446832,0.8449433823912905,"['sleepEfficiency', 'awakening', 'totalSleepTime', 'combined']"
8f271_00022,1.213375449180603,0.0,0.2939453125,0.13523004949092865,6.115593433380127,True,,,6,a2bc66232b954f458b96654c6382ad42,2021-10-12_03-08-30,1633997310,47.20501971244812,388857,crimv3srv041,10.141.0.35,47.20501971244812,0,6,"22_batch_size=64,bidirectional=True,dropout_inner_layers=0.73257,dropout_input_layers=0.81197,hidden_dim=256,learning_rate=2.408e-06,monitor=mcc,num_layers=2,opt_step_size=3,shared_output_size=223,weight_decay=0.0018687",lstm,2.4080024047740317e-06,64,True,2,256,mcc,223,3,0.0018687398807117584,0.8119711282584908,0.7325650957767226,"['sleepEfficiency', 'awakening', 'totalSleepTime', 'combined']"
8f271_00023,1.1215406656265259,0.0,0.3082682192325592,0.14228105545043945,7.6670002937316895,True,,,7,70415d92c6dc485d9f37ac48f83aea79,2021-10-12_03-09-33,1633997373,60.39575219154358,400712,crimv3srv041,10.141.0.35,60.39575219154358,0,7,"23_batch_size=32,bidirectional=False,dropout_inner_layers=0.30838,dropout_input_layers=0.96772,hidden_dim=1024,learning_rate=1.4764e-06,monitor=mcc,num_layers=1,opt_step_size=16,shared_output_size=253,weight_decay=0.00047924",lstm,1.476449949804332e-06,32,False,1,1024,mcc,253,16,0.0004792442014624336,0.9677189597257391,0.3083843510756832,"['sleepEfficiency', 'awakening', 'totalSleepTime', 'combined']"
8f271_00024,0.7736287713050842,0.31280094385147095,0.6630859375,0.4376029372215271,8.80919885635376,True,,,21,5d92fbc6ec1d462ea68ed8d9ba8ec96b,2021-10-12_03-12-28,1633997548,171.253586769104,416955,crimv3srv041,10.141.0.35,171.253586769104,0,21,"24_batch_size=32,bidirectional=False,dropout_inner_layers=0.28323,dropout_input_layers=0.070743,hidden_dim=128,learning_rate=4.9482e-05,monitor=loss,num_layers=2,opt_step_size=14,shared_output_size=12,weight_decay=7.9509e-05",lstm,4.948229459854826e-05,32,False,2,128,loss,12,14,7.950850051106464e-05,0.07074288067705248,0.2832254594724831,"['sleepEfficiency', 'awakening', 'totalSleepTime', 'combined']"
8f271_00025,0.8456403017044067,0.0,0.6223958134651184,0.2531925439834595,7.529858350753784,True,,,6,9dabaae99d9d48fd880dc4a31949109a,2021-10-12_03-13-26,1633997606,53.36844277381897,740,crimv3srv041,10.141.0.35,53.36844277381897,0,6,"25_batch_size=32,bidirectional=True,dropout_inner_layers=0.97505,dropout_input_layers=0.032768,hidden_dim=128,learning_rate=0.064056,monitor=mcc,num_layers=1,opt_step_size=10,shared_output_size=84,weight_decay=6.3529e-05",lstm,0.0640559189912638,32,True,1,128,mcc,84,10,6.352907611684638e-05,0.03276815137849143,0.975046375727054,"['sleepEfficiency', 'awakening', 'totalSleepTime', 'combined']"
8f271_00026,0.7620348334312439,0.35349681973457336,0.6728515625,0.486356645822525,7.443860292434692,True,,,8,7003df026d2146d68021c39b345dff55,2021-10-12_03-15-02,1633997702,93.5443823337555,13319,crimv3srv041,10.141.0.35,93.5443823337555,0,8,"26_batch_size=64,bidirectional=True,dropout_inner_layers=0.43707,dropout_input_layers=0.4072,hidden_dim=1024,learning_rate=0.0027011,monitor=loss,num_layers=2,opt_step_size=11,shared_output_size=78,weight_decay=2.7787e-05",lstm,0.0027010732255990147,64,True,2,1024,loss,78,11,2.7787494250405655e-05,0.4071988178686643,0.4370724997358888,"['sleepEfficiency', 'awakening', 'totalSleepTime', 'combined']"
8f271_00027,0.7269711494445801,0.10137074440717697,0.6471354365348816,0.336309015750885,5.28576922416687,True,,,35,4ffb111143904aa78eeabe1636165719,2021-10-12_03-18-29,1633997909,202.74945664405823,31569,crimv3srv041,10.141.0.35,202.74945664405823,0,35,"27_batch_size=128,bidirectional=False,dropout_inner_layers=0.7433,dropout_input_layers=0.78651,hidden_dim=256,learning_rate=4.8753e-05,monitor=mcc,num_layers=1,opt_step_size=16,shared_output_size=148,weight_decay=0.00023508",lstm,4.8752560907928784e-05,128,False,1,256,mcc,148,16,0.0002350760502093763,0.7865120057911458,0.7432954956892825,"['sleepEfficiency', 'awakening', 'totalSleepTime', 'combined']"
8f271_00028,1.741423487663269,0.4409138858318329,0.712890625,0.5979147553443909,4.914748430252075,True,,,25,fc61562677174b9898ab59ac4dcc82c1,2021-10-12_03-21-18,1633998078,165.9844958782196,93123,crimv3srv041,10.141.0.35,165.9844958782196,0,25,"28_batch_size=256,bidirectional=True,dropout_inner_layers=0.0026437,dropout_input_layers=0.48637,hidden_dim=512,learning_rate=0.00092463,monitor=mcc,num_layers=2,opt_step_size=17,shared_output_size=150,weight_decay=0.0024114",lstm,0.0009246281407651865,256,True,2,512,mcc,150,17,0.002411380119528833,0.48637211754702614,0.0026436929675517362,"['sleepEfficiency', 'awakening', 'totalSleepTime', 'combined']"
8f271_00029,0.76431804895401,0.3334737718105316,0.6708984375,0.4634772837162018,6.346996784210205,True,,,17,0c409d33494e4b5bbb6fb71e7973522f,2021-10-12_03-23-18,1633998198,115.78054189682007,139797,crimv3srv041,10.141.0.35,115.78054189682007,0,17,"29_batch_size=256,bidirectional=False,dropout_inner_layers=0.55313,dropout_input_layers=0.91866,hidden_dim=1024,learning_rate=0.00015421,monitor=loss,num_layers=1,opt_step_size=15,shared_output_size=75,weight_decay=0.00035396",lstm,0.0001542114286630097,256,False,1,1024,loss,75,15,0.00035395842833883497,0.9186601329837563,0.5531270868965023,"['sleepEfficiency', 'awakening', 'totalSleepTime', 'combined']"
8f271_00030,1.0413743257522583,0.40217268466949463,0.6953125,0.5530480146408081,6.446720123291016,True,,,28,05b45ff84faf4e00a5f6790bd515afb0,2021-10-12_03-28-11,1633998491,290.92548394203186,171099,crimv3srv041,10.141.0.35,290.92548394203186,0,28,"30_batch_size=128,bidirectional=True,dropout_inner_layers=0.21279,dropout_input_layers=0.20371,hidden_dim=1024,learning_rate=5.9773e-05,monitor=mcc,num_layers=2,opt_step_size=17,shared_output_size=77,weight_decay=0.00040989",lstm,5.9773249241288665e-05,128,True,2,1024,mcc,77,17,0.0004098898474810914,0.20370705228091657,0.2127865951978376,"['sleepEfficiency', 'awakening', 'totalSleepTime', 'combined']"
8f271_00031,1.133111596107483,0.3733054995536804,0.6705729365348816,0.4899260997772217,7.120063781738281,True,,,17,4cd27220d38c40d7af1d30f98fe4b125,2021-10-12_03-30-40,1633998640,143.3160126209259,229336,crimv3srv041,10.141.0.35,143.3160126209259,0,17,"31_batch_size=32,bidirectional=True,dropout_inner_layers=0.73113,dropout_input_layers=0.95494,hidden_dim=256,learning_rate=0.00036068,monitor=mcc,num_layers=1,opt_step_size=4,shared_output_size=153,weight_decay=0.0016074",lstm,0.00036067560414876874,32,True,1,256,mcc,153,4,0.0016074158228006428,0.9549364423841713,0.7311298355135133,"['sleepEfficiency', 'awakening', 'totalSleepTime', 'combined']"
8f271_00032,1.0987462997436523,0.0,0.3665364682674408,0.15857508778572083,7.222164630889893,True,,,6,ed43c7b781444301b769b2da61c8bf28,2021-10-12_03-31-28,1633998688,43.91665077209473,267403,crimv3srv041,10.141.0.35,43.91665077209473,0,6,"32_batch_size=64,bidirectional=True,dropout_inner_layers=0.57875,dropout_input_layers=0.88343,hidden_dim=32,learning_rate=1.2733e-06,monitor=mcc,num_layers=1,opt_step_size=13,shared_output_size=247,weight_decay=0.00056614",lstm,1.2732888657654754e-06,64,True,1,32,mcc,247,13,0.0005661387833680181,0.8834332260849691,0.5787496113205873,"['sleepEfficiency', 'awakening', 'totalSleepTime', 'combined']"
8f271_00033,1.0617676973342896,0.0,0.3811849057674408,0.170402392745018,5.01287055015564,True,,,6,5c72b05becaa4c9e8d141686c3fe8309,2021-10-12_03-32-16,1633998736,44.64078092575073,279744,crimv3srv041,10.141.0.35,44.64078092575073,0,6,"33_batch_size=256,bidirectional=True,dropout_inner_layers=0.20104,dropout_input_layers=0.74341,hidden_dim=32,learning_rate=7.7598e-06,monitor=mcc,num_layers=2,opt_step_size=6,shared_output_size=230,weight_decay=1.4509e-05",lstm,7.75983168829624e-06,256,True,2,32,mcc,230,6,1.4508858026655376e-05,0.7434131328771562,0.20103766147872104,"['sleepEfficiency', 'awakening', 'totalSleepTime', 'combined']"
8f271_00034,0.7397056221961975,0.2308066189289093,0.6510416865348816,0.36867570877075195,5.402790546417236,True,,,16,b8e446dfc07548f5a6239335739ac3b6,2021-10-12_03-34-17,1633998857,117.30823826789856,290914,crimv3srv041,10.141.0.35,117.30823826789856,0,16,"34_batch_size=128,bidirectional=False,dropout_inner_layers=0.01887,dropout_input_layers=0.44354,hidden_dim=1024,learning_rate=0.033372,monitor=mcc,num_layers=2,opt_step_size=7,shared_output_size=142,weight_decay=0.0067009",lstm,0.03337157563951399,128,False,2,1024,mcc,142,7,0.006700939287566688,0.4435438275910586,0.018870397784030102,"['sleepEfficiency', 'awakening', 'totalSleepTime', 'combined']"
8f271_00035,0.759344220161438,0.23819106817245483,0.6520182490348816,0.3808630108833313,5.6867356300354,True,,,100,fc30d476941d4bfa90671e93e86eb433,2021-10-12_03-43-56,1633999436,576.4973533153534,319302,crimv3srv041,10.141.0.35,576.4973533153534,0,100,"35_batch_size=128,bidirectional=True,dropout_inner_layers=0.34427,dropout_input_layers=0.96392,hidden_dim=64,learning_rate=5.0036e-05,monitor=loss,num_layers=2,opt_step_size=18,shared_output_size=193,weight_decay=0.00070462",lstm,5.003594492432032e-05,128,True,2,64,loss,193,18,0.0007046235554666704,0.9639177303374826,0.34427421327378716,"['sleepEfficiency', 'awakening', 'totalSleepTime', 'combined']"
8f271_00036,0.9973640441894531,0.37603914737701416,0.6881510615348816,0.5347356796264648,5.408410310745239,True,,,8,25e628d7780b4234917925c70e33021a,2021-10-12_03-44-51,1633999491,51.35465931892395,15556,crimv3srv041,10.141.0.35,51.35465931892395,0,8,"36_batch_size=128,bidirectional=True,dropout_inner_layers=0.18481,dropout_input_layers=0.032425,hidden_dim=128,learning_rate=0.002701,monitor=loss,num_layers=1,opt_step_size=12,shared_output_size=9,weight_decay=0.0053836",lstm,0.0027010174900120093,128,True,1,128,loss,9,12,0.005383592502304945,0.03242495886252683,0.18481437483051522,"['sleepEfficiency', 'awakening', 'totalSleepTime', 'combined']"
8f271_00037,0.7446406483650208,0.31383776664733887,0.6754557490348816,0.45235416293144226,5.6620705127716064,True,,,29,9f89a6e3b6294d34b84153fd5987d21b,2021-10-12_03-48-10,1633999690,194.70602107048035,26087,crimv3srv041,10.141.0.35,194.70602107048035,0,29,"37_batch_size=128,bidirectional=True,dropout_inner_layers=0.36904,dropout_input_layers=0.85796,hidden_dim=512,learning_rate=0.0064828,monitor=mcc,num_layers=2,opt_step_size=19,shared_output_size=145,weight_decay=6.87e-05",lstm,0.006482767137759784,128,True,2,512,mcc,145,19,6.870042426535609e-05,0.8579604137835884,0.3690399964680221,"['sleepEfficiency', 'awakening', 'totalSleepTime', 'combined']"
8f271_00038,0.8419390916824341,0.0,0.6223958134651184,0.2531925439834595,5.474730968475342,True,,,6,833df29d7b2f48a6a481792b1424f1e3,2021-10-12_03-48-58,1633999738,44.39742636680603,69241,crimv3srv041,10.141.0.35,44.39742636680603,0,6,"38_batch_size=128,bidirectional=False,dropout_inner_layers=0.81462,dropout_input_layers=0.10937,hidden_dim=1024,learning_rate=0.031258,monitor=mcc,num_layers=2,opt_step_size=7,shared_output_size=208,weight_decay=0.00013835",lstm,0.0312578697216472,128,False,2,1024,mcc,208,7,0.00013834722195296714,0.10937339268700785,0.8146246111896013,"['sleepEfficiency', 'awakening', 'totalSleepTime', 'combined']"
8f271_00039,0.7922976016998291,0.20288564264774323,0.6455078125,0.3939342498779297,5.114582300186157,True,,,7,d0445e00924b4951a47bec30943a1c08,2021-10-12_03-49-47,1633999787,45.93173909187317,82255,crimv3srv041,10.141.0.35,45.93173909187317,0,7,"39_batch_size=128,bidirectional=False,dropout_inner_layers=0.079101,dropout_input_layers=0.6747,hidden_dim=1024,learning_rate=0.046497,monitor=loss,num_layers=1,opt_step_size=12,shared_output_size=224,weight_decay=8.5821e-05",lstm,0.04649724388629017,128,False,1,1024,loss,224,12,8.58214208797037e-05,0.6747040432734931,0.07910104217629743,"['sleepEfficiency', 'awakening', 'totalSleepTime', 'combined']"
8f271_00040,0.903256356716156,0.04973509535193443,0.5882161259651184,0.3146178722381592,5.826777458190918,True,,,100,605267f981dd478db61083f9d355f2a6,2021-10-12_03-59-58,1634000398,606.7937650680542,96264,crimv3srv041,10.141.0.35,606.7937650680542,0,100,"40_batch_size=128,bidirectional=True,dropout_inner_layers=0.55293,dropout_input_layers=0.54897,hidden_dim=256,learning_rate=1.4575e-06,monitor=loss,num_layers=1,opt_step_size=9,shared_output_size=162,weight_decay=0.00014449",lstm,1.4575382862041275e-06,128,True,1,256,loss,162,9,0.00014448959805808787,0.548967345099569,0.5529311724432222,"['sleepEfficiency', 'awakening', 'totalSleepTime', 'combined']"
8f271_00041,0.7502116560935974,0.17751893401145935,0.6240234375,0.34846624732017517,5.882328987121582,True,,,15,3375988db80b485abc27326cc1950b50,2021-10-12_04-01-37,1634000497,95.82369828224182,272312,crimv3srv041,10.141.0.35,95.82369828224182,0,15,"41_batch_size=128,bidirectional=True,dropout_inner_layers=0.77753,dropout_input_layers=0.20264,hidden_dim=256,learning_rate=4.4734e-05,monitor=mcc,num_layers=2,opt_step_size=8,shared_output_size=115,weight_decay=5.696e-05",lstm,4.47338079123092e-05,128,True,2,256,mcc,115,8,5.696007823332449e-05,0.20263513230551344,0.7775255130659098,"['sleepEfficiency', 'awakening', 'totalSleepTime', 'combined']"
8f271_00042,1.1205341815948486,0.0,0.2360026091337204,0.11691847443580627,7.547381162643433,True,,,6,d8cdb0fab1e4492882ff483fb5ab1e42,2021-10-12_04-02-32,1634000552,50.92163634300232,300654,crimv3srv041,10.141.0.35,50.92163634300232,0,6,"42_batch_size=32,bidirectional=False,dropout_inner_layers=0.83128,dropout_input_layers=0.099295,hidden_dim=32,learning_rate=4.9884e-06,monitor=mcc,num_layers=2,opt_step_size=17,shared_output_size=21,weight_decay=5.6307e-05",lstm,4.98843419790714e-06,32,False,2,32,mcc,21,17,5.6306695592147276e-05,0.09929470601297852,0.8312765591947365,"['sleepEfficiency', 'awakening', 'totalSleepTime', 'combined']"
8f271_00043,0.8002666234970093,0.0,0.5989583134651184,0.24523834884166718,6.532011270523071,True,,,6,8ba282e3b51342089c676e7d558c657c,2021-10-12_04-03-17,1634000597,43.19608783721924,312443,crimv3srv041,10.141.0.35,43.19608783721924,0,6,"43_batch_size=256,bidirectional=True,dropout_inner_layers=0.0049514,dropout_input_layers=0.92389,hidden_dim=512,learning_rate=0.00013934,monitor=mcc,num_layers=1,opt_step_size=10,shared_output_size=63,weight_decay=0.0021446",lstm,0.00013934478157042967,256,True,1,512,mcc,63,10,0.0021445610665088138,0.923885704610504,0.004951409791498884,"['sleepEfficiency', 'awakening', 'totalSleepTime', 'combined']"
8f271_00044,0.7704428434371948,0.3023844063282013,0.6569010615348816,0.4437822103500366,8.94931697845459,True,,,22,f2d7f940d574448dbe1e78df278509d2,2021-10-12_04-07-25,1634000845,244.09205770492554,322521,crimv3srv041,10.141.0.35,244.09205770492554,0,22,"44_batch_size=32,bidirectional=True,dropout_inner_layers=0.26508,dropout_input_layers=0.6704,hidden_dim=1024,learning_rate=2.3063e-05,monitor=mcc,num_layers=1,opt_step_size=7,shared_output_size=37,weight_decay=0.002127",lstm,2.3063173635854775e-05,32,True,1,1024,mcc,37,7,0.0021269840622197755,0.6703957769937778,0.26507878787325767,"['sleepEfficiency', 'awakening', 'totalSleepTime', 'combined']"
8f271_00045,0.7330822348594666,0.2731490731239319,0.6474609375,0.406563937664032,5.217949628829956,True,,,37,055a9e1a43334d14a2e018bfa617e0fe,2021-10-12_04-11-18,1634001078,229.28823113441467,370571,crimv3srv041,10.141.0.35,229.28823113441467,0,37,"45_batch_size=256,bidirectional=True,dropout_inner_layers=0.64606,dropout_input_layers=0.40905,hidden_dim=256,learning_rate=5.0508e-05,monitor=mcc,num_layers=2,opt_step_size=6,shared_output_size=37,weight_decay=1.459e-05",lstm,5.0508350255336885e-05,256,True,2,256,mcc,37,6,1.4590363304061071e-05,0.4090455988146885,0.6460608775271973,"['sleepEfficiency', 'awakening', 'totalSleepTime', 'combined']"
8f271_00046,0.8434816002845764,0.0,0.6223958134651184,0.2531925439834595,6.75208854675293,True,,,6,20cbe2074822400e8e8a7db980a9433f,2021-10-12_04-12-07,1634001127,44.94219183921814,431716,crimv3srv041,10.141.0.35,44.94219183921814,0,6,"46_batch_size=64,bidirectional=False,dropout_inner_layers=0.5717,dropout_input_layers=0.17077,hidden_dim=512,learning_rate=0.067761,monitor=mcc,num_layers=1,opt_step_size=13,shared_output_size=11,weight_decay=0.0028656",lstm,0.06776143487596231,64,False,1,512,mcc,11,13,0.0028656072565524274,0.1707747156744942,0.5717028164940282,"['sleepEfficiency', 'awakening', 'totalSleepTime', 'combined']"
8f271_00047,0.7269662618637085,0.2797154486179352,0.6481119990348816,0.398574560880661,11.799909830093384,True,,,59,18ba1b2168b24754891d5fd92c5397bc,2021-10-12_04-27-52,1634002072,940.6915876865387,443995,crimv3srv041,10.141.0.35,940.6915876865387,0,59,"47_batch_size=32,bidirectional=True,dropout_inner_layers=0.67627,dropout_input_layers=0.6963,hidden_dim=1024,learning_rate=7.6866e-06,monitor=loss,num_layers=2,opt_step_size=18,shared_output_size=102,weight_decay=2.3368e-05",lstm,7.686586073844719e-06,32,True,2,1024,loss,102,18,2.3367683732400875e-05,0.6963047534987692,0.6762696430310008,"['sleepEfficiency', 'awakening', 'totalSleepTime', 'combined']"
8f271_00048,1.0732550621032715,0.0,0.46484375,0.19813783466815948,5.881000280380249,True,,,6,62f83e92fbca4ff6b09bf71cad5b5041,2021-10-12_04-28-36,1634002116,40.59375,154537,crimv3srv041,10.141.0.35,40.59375,0,6,"48_batch_size=256,bidirectional=True,dropout_inner_layers=0.98454,dropout_input_layers=0.12662,hidden_dim=32,learning_rate=6.0005e-05,monitor=mcc,num_layers=1,opt_step_size=13,shared_output_size=178,weight_decay=1.886e-05",lstm,6.000539779451434e-05,256,True,1,32,mcc,178,13,1.885995130595579e-05,0.12662269376908342,0.9845444429347212,"['sleepEfficiency', 'awakening', 'totalSleepTime', 'combined']"
8f271_00049,1.8900842666625977,0.41426652669906616,0.6936848759651184,0.5665827989578247,7.39625883102417,True,,,21,098641e5c301442ebd9613b099101b0d,2021-10-12_04-31-42,1634002302,183.5113489627838,165208,crimv3srv041,10.141.0.35,183.5113489627838,0,21,"49_batch_size=32,bidirectional=True,dropout_inner_layers=0.55053,dropout_input_layers=0.67329,hidden_dim=512,learning_rate=0.0004366,monitor=mcc,num_layers=1,opt_step_size=14,shared_output_size=158,weight_decay=0.0014354",lstm,0.0004366010390488632,32,True,1,512,mcc,158,14,0.0014353616607871863,0.6732887760038997,0.550533794836576,"['sleepEfficiency', 'awakening', 'totalSleepTime', 'combined']"
8f271_00050,0.8310231566429138,0.36399900913238525,0.6848958134651184,0.5322710871696472,5.444838285446167,True,,,37,0f9a4d9a64294999979c51c7bd122e0e,2021-10-12_04-35-16,1634002516,211.32506823539734,207757,crimv3srv041,10.141.0.35,211.32506823539734,0,37,"50_batch_size=256,bidirectional=False,dropout_inner_layers=0.027411,dropout_input_layers=0.49396,hidden_dim=32,learning_rate=0.0025934,monitor=mcc,num_layers=2,opt_step_size=13,shared_output_size=242,weight_decay=0.00024749",lstm,0.0025933738712556175,256,False,2,32,mcc,242,13,0.0002474880358119888,0.49395891092779654,0.02741126823211082,"['sleepEfficiency', 'awakening', 'totalSleepTime', 'combined']"
8f271_00051,0.7320982217788696,0.2228880375623703,0.6481119990348816,0.3494813144207001,6.038603067398071,True,,,100,80a7073706f141df88c641c924026365,2021-10-12_04-45-37,1634003137,615.9805302619934,272636,crimv3srv041,10.141.0.35,615.9805302619934,0,100,"51_batch_size=256,bidirectional=False,dropout_inner_layers=0.36931,dropout_input_layers=0.97866,hidden_dim=512,learning_rate=1.2336e-05,monitor=loss,num_layers=1,opt_step_size=3,shared_output_size=123,weight_decay=0.00094609",lstm,1.233649227723364e-05,256,False,1,512,loss,123,3,0.0009460908935025298,0.9786624902443914,0.36931404186130623,"['sleepEfficiency', 'awakening', 'totalSleepTime', 'combined']"
8f271_00052,0.7631825804710388,0.3033582866191864,0.6569010615348816,0.44517090916633606,6.301393032073975,True,,,7,670b74fa6e294faf83f56c21f7d2d1ed,2021-10-12_04-46-27,1634003187,47.32545781135559,438891,crimv3srv041,10.141.0.35,47.32545781135559,0,7,"52_batch_size=128,bidirectional=True,dropout_inner_layers=0.54712,dropout_input_layers=0.15377,hidden_dim=32,learning_rate=0.0064856,monitor=loss,num_layers=1,opt_step_size=4,shared_output_size=231,weight_decay=1.1887e-05",lstm,0.006485625954728437,128,True,1,32,loss,231,4,1.1886875156338782e-05,0.15376515852064476,0.5471169953961857,"['sleepEfficiency', 'awakening', 'totalSleepTime', 'combined']"
8f271_00053,0.9775089621543884,0.36644238233566284,0.6686198115348816,0.5414425134658813,7.199069499969482,True,,,17,d748a6cb7dad4203919a502e485473c0,2021-10-12_04-48-48,1634003328,137.491929769516,452419,crimv3srv041,10.141.0.35,137.491929769516,0,17,"53_batch_size=32,bidirectional=True,dropout_inner_layers=0.43089,dropout_input_layers=0.82548,hidden_dim=128,learning_rate=0.0051183,monitor=mcc,num_layers=1,opt_step_size=6,shared_output_size=195,weight_decay=1.244e-05",lstm,0.0051183389117928375,32,True,1,128,mcc,195,6,1.2440099360483514e-05,0.8254843456648079,0.43089333568816424,"['sleepEfficiency', 'awakening', 'totalSleepTime', 'combined']"
8f271_00054,0.7686367630958557,0.08781369775533676,0.646484375,0.3021549582481384,5.751373291015625,True,,,62,06af3c007a1c46bd861ee6d0b4452d67,2021-10-12_04-56-00,1634003760,430.38046741485596,29565,crimv3srv041,10.141.0.35,430.38046741485596,0,62,"54_batch_size=64,bidirectional=True,dropout_inner_layers=0.96296,dropout_input_layers=0.055429,hidden_dim=512,learning_rate=4.8006e-05,monitor=loss,num_layers=1,opt_step_size=13,shared_output_size=112,weight_decay=1.2415e-05",lstm,4.800634479497581e-05,64,True,1,512,loss,112,13,1.2414893524908812e-05,0.055429001180543724,0.9629649249730624,"['sleepEfficiency', 'awakening', 'totalSleepTime', 'combined']"
8f271_00055,0.7311453223228455,0.2513182461261749,0.6591796875,0.423115611076355,5.532878160476685,True,,,10,675b042ce3384f91b9d1a49d2e1b785d,2021-10-12_04-57-07,1634003827,63.69064426422119,132287,crimv3srv041,10.141.0.35,63.69064426422119,0,10,"55_batch_size=128,bidirectional=True,dropout_inner_layers=0.49377,dropout_input_layers=0.54878,hidden_dim=128,learning_rate=0.017026,monitor=loss,num_layers=2,opt_step_size=10,shared_output_size=82,weight_decay=0.00022611",lstm,0.017026399481347064,128,True,2,128,loss,82,10,0.00022610913782519196,0.5487761118947776,0.4937721254502919,"['sleepEfficiency', 'awakening', 'totalSleepTime', 'combined']"
8f271_00056,0.7960227131843567,0.16847778856754303,0.6305338740348816,0.3358728885650635,5.525308609008789,True,,,10,7a06752b312146e884ac5e139bd009ea,2021-10-12_04-58-13,1634003893,63.17268180847168,148331,crimv3srv041,10.141.0.35,63.17268180847168,0,10,"56_batch_size=128,bidirectional=True,dropout_inner_layers=0.3558,dropout_input_layers=0.07001,hidden_dim=128,learning_rate=0.051872,monitor=mcc,num_layers=1,opt_step_size=16,shared_output_size=55,weight_decay=2.8528e-05",lstm,0.051871838709735,128,True,1,128,mcc,55,16,2.8527705916091586e-05,0.07001029549182314,0.3558021053633742,"['sleepEfficiency', 'awakening', 'totalSleepTime', 'combined']"
8f271_00057,0.8539049625396729,0.0,0.6223958134651184,0.2531925439834595,5.771610736846924,True,,,8,7254b5d1179546c98e846de6689482c6,2021-10-12_04-59-10,1634003950,52.158486127853394,164298,crimv3srv041,10.141.0.35,52.158486127853394,0,8,"57_batch_size=256,bidirectional=False,dropout_inner_layers=0.98559,dropout_input_layers=0.39975,hidden_dim=128,learning_rate=0.0068599,monitor=loss,num_layers=1,opt_step_size=5,shared_output_size=59,weight_decay=8.8082e-05",lstm,0.00685992606299556,256,False,1,128,loss,59,5,8.808242083044853e-05,0.39974740348286353,0.9855888979566303,"['sleepEfficiency', 'awakening', 'totalSleepTime', 'combined']"
8f271_00058,0.7646101713180542,0.2203550934791565,0.640625,0.38551849126815796,9.076528549194336,True,,,62,c439033b88d04eb88279387a30e9c5e8,2021-10-12_05-07-11,1634004431,477.2774076461792,177320,crimv3srv041,10.141.0.35,477.2774076461792,0,62,"58_batch_size=32,bidirectional=False,dropout_inner_layers=0.45305,dropout_input_layers=0.80265,hidden_dim=32,learning_rate=1.8528e-05,monitor=loss,num_layers=1,opt_step_size=14,shared_output_size=226,weight_decay=0.0010579",lstm,1.8527782896527166e-05,32,False,1,32,loss,226,14,0.0010579072046404717,0.8026451078840786,0.4530546326179845,"['sleepEfficiency', 'awakening', 'totalSleepTime', 'combined']"
8f271_00059,0.8774177432060242,0.2597116529941559,0.6422526240348816,0.38719937205314636,5.547890901565552,True,,,11,794cc769eaba41bb86b182698c3f9a3e,2021-10-12_05-08-25,1634004505,70.19939494132996,288328,crimv3srv041,10.141.0.35,70.19939494132996,0,11,"59_batch_size=256,bidirectional=False,dropout_inner_layers=0.054826,dropout_input_layers=0.58315,hidden_dim=64,learning_rate=0.00046998,monitor=loss,num_layers=1,opt_step_size=13,shared_output_size=113,weight_decay=0.00071123",lstm,0.0004699821007132967,256,False,1,64,loss,113,13,0.0007112323392059804,0.5831529982331494,0.054826369818680054,"['sleepEfficiency', 'awakening', 'totalSleepTime', 'combined']"
8f271_00060,0.7933710813522339,0.0,0.6223958134651184,0.2531925439834595,5.454590797424316,True,,,100,16e11fc6b2b348b8bf8152f1e2d2e2c3,2021-10-12_05-18-11,1634005091,581.7912018299103,305721,crimv3srv041,10.141.0.35,581.7912018299103,0,100,"60_batch_size=128,bidirectional=True,dropout_inner_layers=0.65511,dropout_input_layers=0.16174,hidden_dim=32,learning_rate=6.6454e-06,monitor=loss,num_layers=1,opt_step_size=19,shared_output_size=153,weight_decay=1.5648e-05",lstm,6.645351853689765e-06,128,True,1,32,loss,153,19,1.5647943771026686e-05,0.16174442855518356,0.655113314204341,"['sleepEfficiency', 'awakening', 'totalSleepTime', 'combined']"
8f271_00061,0.8442677855491638,0.0,0.6223958134651184,0.2531925439834595,7.447727918624878,True,,,7,9450db78206d43bab2a2e9468746af3c,2021-10-12_05-19-12,1634005152,57.64588379859924,452712,crimv3srv041,10.141.0.35,57.64588379859924,0,7,"61_batch_size=32,bidirectional=True,dropout_inner_layers=0.21864,dropout_input_layers=0.093765,hidden_dim=64,learning_rate=0.087684,monitor=mcc,num_layers=1,opt_step_size=18,shared_output_size=176,weight_decay=0.00022913",lstm,0.0876844583365122,32,True,1,64,mcc,176,18,0.0002291311050927,0.09376458450026892,0.2186436554379988,"['sleepEfficiency', 'awakening', 'totalSleepTime', 'combined']"
8f271_00062,0.877953290939331,0.32688307762145996,0.6634114384651184,0.46233659982681274,5.873810529708862,True,,,9,80deb742d2b74d2f8c96ab87d828f1fc,2021-10-12_05-20-15,1634005215,58.76922130584717,8258,crimv3srv041,10.141.0.35,58.76922130584717,0,9,"62_batch_size=128,bidirectional=True,dropout_inner_layers=0.11607,dropout_input_layers=0.28639,hidden_dim=128,learning_rate=0.00044332,monitor=loss,num_layers=2,opt_step_size=10,shared_output_size=158,weight_decay=0.0013779",lstm,0.0004433150297342739,128,True,2,128,loss,158,10,0.0013779369597587304,0.2863925264426952,0.11607183111321373,"['sleepEfficiency', 'awakening', 'totalSleepTime', 'combined']"
8f271_00063,0.7300869226455688,0.3271990120410919,0.6686198115348816,0.46974411606788635,5.82691502571106,True,,,100,179c286d693243dbb946c4d34215a7af,2021-10-12_05-31-17,1634005877,657.3699862957001,25531,crimv3srv041,10.141.0.35,657.3699862957001,0,100,"63_batch_size=128,bidirectional=True,dropout_inner_layers=0.067665,dropout_input_layers=0.9006,hidden_dim=512,learning_rate=8.6349e-06,monitor=loss,num_layers=1,opt_step_size=19,shared_output_size=44,weight_decay=0.0013452",lstm,8.634915211912302e-06,128,True,1,512,loss,44,19,0.0013452448824388227,0.900598456897031,0.06766512178009565,"['sleepEfficiency', 'awakening', 'totalSleepTime', 'combined']"
8f271_00064,0.782049834728241,0.06766677647829056,0.6354166865348816,0.29532697796821594,7.3033318519592285,True,,,88,dcf31fc3009d4937839aa21d5f0fc49e,2021-10-12_05-42-50,1634006570,690.936069726944,196648,crimv3srv041,10.141.0.35,690.936069726944,0,88,"64_batch_size=32,bidirectional=False,dropout_inner_layers=0.93826,dropout_input_layers=0.57964,hidden_dim=128,learning_rate=1.9335e-05,monitor=loss,num_layers=2,opt_step_size=9,shared_output_size=63,weight_decay=7.1968e-05",lstm,1.9335468543726313e-05,32,False,2,128,loss,63,9,7.196838440658156e-05,0.5796435612746703,0.9382614131149742,"['sleepEfficiency', 'awakening', 'totalSleepTime', 'combined']"
8f271_00065,1.458715796470642,0.2750101387500763,0.6376953125,0.4420740604400635,5.456373929977417,True,,,16,dc451488bdb74417923cbac8fc5cbaf6,2021-10-12_05-44-33,1634006673,98.63942432403564,339567,crimv3srv041,10.141.0.35,98.63942432403564,0,16,"65_batch_size=128,bidirectional=True,dropout_inner_layers=0.575,dropout_input_layers=0.74124,hidden_dim=32,learning_rate=0.00080989,monitor=mcc,num_layers=1,opt_step_size=5,shared_output_size=121,weight_decay=5.8381e-05",lstm,0.0008098903079491654,128,True,1,32,mcc,121,5,5.8381024128679925e-05,0.7412358735256543,0.5749972787574523,"['sleepEfficiency', 'awakening', 'totalSleepTime', 'combined']"
8f271_00066,0.8212593197822571,0.373523473739624,0.6949869990348816,0.5086529850959778,5.784727334976196,True,,,10,406e8fba72af4efcb1299df182a52cfe,2021-10-12_05-45-47,1634006747,70.11312818527222,362467,crimv3srv041,10.141.0.35,70.11312818527222,0,10,"66_batch_size=256,bidirectional=False,dropout_inner_layers=0.55445,dropout_input_layers=0.39979,hidden_dim=1024,learning_rate=0.00080287,monitor=loss,num_layers=1,opt_step_size=10,shared_output_size=121,weight_decay=0.0090804",lstm,0.00080286546352309,256,False,1,1024,loss,121,10,0.009080442878885509,0.39979331974970633,0.5544502130919293,"['sleepEfficiency', 'awakening', 'totalSleepTime', 'combined']"
8f271_00067,0.8952818512916565,0.34457775950431824,0.6640625,0.5075666308403015,5.227450370788574,True,,,7,d3839634b6d14500be102abc24f615df,2021-10-12_05-46-37,1634006797,45.33468008041382,379282,crimv3srv041,10.141.0.35,45.33468008041382,0,7,"67_batch_size=128,bidirectional=True,dropout_inner_layers=0.23138,dropout_input_layers=0.4352,hidden_dim=64,learning_rate=0.0017334,monitor=loss,num_layers=1,opt_step_size=7,shared_output_size=187,weight_decay=0.00030357",lstm,0.0017334223067406983,128,True,1,64,loss,187,7,0.00030356874348737214,0.4352037055008746,0.23138313161411062,"['sleepEfficiency', 'awakening', 'totalSleepTime', 'combined']"
8f271_00068,0.7079896926879883,0.31244662404060364,0.6702473759651184,0.44198063015937805,6.238682270050049,True,,,29,d0812f4a07f54e7ab59ce9367a75de22,2021-10-12_05-50-23,1634007023,223.43613409996033,390810,crimv3srv041,10.141.0.35,223.43613409996033,0,29,"68_batch_size=128,bidirectional=False,dropout_inner_layers=0.2464,dropout_input_layers=0.96707,hidden_dim=1024,learning_rate=0.00041311,monitor=loss,num_layers=2,opt_step_size=16,shared_output_size=54,weight_decay=0.0010784",lstm,0.000413109580545904,128,False,2,1024,loss,54,16,0.0010783712647767893,0.9670712690233625,0.24639842770666254,"['sleepEfficiency', 'awakening', 'totalSleepTime', 'combined']"
8f271_00069,0.8097246885299683,0.38877227902412415,0.6897786259651184,0.5434664487838745,5.73411750793457,True,,,9,5541936776624dbab90a052393f9d287,2021-10-12_05-51-31,1634007091,64.96734523773193,446238,crimv3srv041,10.141.0.35,64.96734523773193,0,9,"69_batch_size=256,bidirectional=False,dropout_inner_layers=0.50561,dropout_input_layers=0.23763,hidden_dim=1024,learning_rate=0.0031755,monitor=loss,num_layers=1,opt_step_size=15,shared_output_size=157,weight_decay=0.00033468",lstm,0.003175499044710205,256,False,1,1024,loss,157,15,0.0003346753038910286,0.23762804706479823,0.5056115658517729,"['sleepEfficiency', 'awakening', 'totalSleepTime', 'combined']"
8f271_00070,0.7923501133918762,0.2678207755088806,0.6373698115348816,0.42819660902023315,5.809950828552246,True,,,10,f0e8cf4ca05f47da8106a03c59507426,2021-10-12_05-52-41,1634007161,66.04332613945007,4315,crimv3srv041,10.141.0.35,66.04332613945007,0,10,"70_batch_size=128,bidirectional=False,dropout_inner_layers=0.11538,dropout_input_layers=0.52385,hidden_dim=512,learning_rate=0.026511,monitor=mcc,num_layers=1,opt_step_size=16,shared_output_size=137,weight_decay=4.8527e-05",lstm,0.026511167611190423,128,False,1,512,mcc,137,16,4.852694496288431e-05,0.5238458797463513,0.11538132861819328,"['sleepEfficiency', 'awakening', 'totalSleepTime', 'combined']"
8f271_00071,1.1287654638290405,0.0,0.2141927033662796,0.11089102923870087,5.698185443878174,True,,,6,9b402919b1224b9b936494ae671f74c3,2021-10-12_05-53-26,1634007206,40.088823318481445,23279,crimv3srv041,10.141.0.35,40.088823318481445,0,6,"71_batch_size=64,bidirectional=False,dropout_inner_layers=0.40307,dropout_input_layers=0.046524,hidden_dim=32,learning_rate=2.825e-06,monitor=mcc,num_layers=2,opt_step_size=11,shared_output_size=125,weight_decay=0.008055",lstm,2.8249559306556332e-06,64,False,2,32,mcc,125,11,0.008055016336652615,0.04652401494244707,0.403066535366588,"['sleepEfficiency', 'awakening', 'totalSleepTime', 'combined']"
8f271_00072,0.8437557816505432,0.0,0.6223958134651184,0.2531925439834595,6.9656360149383545,True,,,7,e5cd80569318441f923c3c324d678720,2021-10-12_05-54-17,1634007257,48.23461103439331,34811,crimv3srv041,10.141.0.35,48.23461103439331,0,7,"72_batch_size=64,bidirectional=True,dropout_inner_layers=0.98427,dropout_input_layers=0.85601,hidden_dim=256,learning_rate=0.020567,monitor=loss,num_layers=2,opt_step_size=15,shared_output_size=60,weight_decay=0.0066301",lstm,0.020567216367069412,64,True,2,256,loss,60,15,0.0066300948223445315,0.8560058323553387,0.9842661714092562,"['sleepEfficiency', 'awakening', 'totalSleepTime', 'combined']"
8f271_00073,1.0548673868179321,0.0,0.3248697817325592,0.15003734827041626,5.691855430603027,True,,,6,829ec9be9ebd4f4f81a7ad1284501f19,2021-10-12_05-55-03,1634007303,42.13569688796997,47960,crimv3srv041,10.141.0.35,42.13569688796997,0,6,"73_batch_size=128,bidirectional=False,dropout_inner_layers=0.2233,dropout_input_layers=0.49338,hidden_dim=32,learning_rate=8.9817e-06,monitor=mcc,num_layers=2,opt_step_size=11,shared_output_size=250,weight_decay=0.00011537",lstm,8.98173399489656e-06,128,False,2,32,mcc,250,11,0.00011536918186906417,0.493381022044142,0.22329961530290654,"['sleepEfficiency', 'awakening', 'totalSleepTime', 'combined']"
8f271_00074,0.718765914440155,0.3391367793083191,0.6761067509651184,0.5026791095733643,7.550115346908569,True,,,32,6ea53b9ba224421080b035a26fe6a80f,2021-10-12_05-59-29,1634007569,262.48386001586914,59772,crimv3srv041,10.141.0.35,262.48386001586914,0,32,"74_batch_size=32,bidirectional=True,dropout_inner_layers=0.19808,dropout_input_layers=0.72643,hidden_dim=64,learning_rate=0.0080041,monitor=mcc,num_layers=2,opt_step_size=5,shared_output_size=143,weight_decay=4.6544e-05",lstm,0.008004118661988439,32,True,2,64,mcc,143,5,4.6543713941381754e-05,0.7264333370015471,0.19808269630964026,"['sleepEfficiency', 'awakening', 'totalSleepTime', 'combined']"
8f271_00075,0.661190390586853,0.38827306032180786,0.7024739384651184,0.5282679796218872,7.10008692741394,True,,,23,a2f890086f3a44d89767127e9b956c79,2021-10-12_06-02-30,1634007750,177.52398133277893,124664,crimv3srv041,10.141.0.35,177.52398133277893,0,23,"75_batch_size=32,bidirectional=False,dropout_inner_layers=0.10489,dropout_input_layers=0.73472,hidden_dim=128,learning_rate=0.0018608,monitor=mcc,num_layers=2,opt_step_size=12,shared_output_size=136,weight_decay=0.0010286",lstm,0.0018608410306630286,32,False,2,128,mcc,136,12,0.0010286400520218497,0.7347163075645746,0.104886998237806,"['sleepEfficiency', 'awakening', 'totalSleepTime', 'combined']"
8f271_00076,1.0649752616882324,0.0,0.4046224057674408,0.17437636852264404,6.246646881103516,True,,,6,6592e82022cc42dc84a222b0c45d1521,2021-10-12_06-03-15,1634007795,42.12428951263428,169737,crimv3srv041,10.141.0.35,42.12428951263428,0,6,"76_batch_size=256,bidirectional=True,dropout_inner_layers=0.71624,dropout_input_layers=0.93268,hidden_dim=32,learning_rate=2.0234e-05,monitor=mcc,num_layers=1,opt_step_size=5,shared_output_size=90,weight_decay=4.0113e-05",lstm,2.0234156375447313e-05,256,True,1,32,mcc,90,5,4.0113007580054016e-05,0.9326830038944455,0.71624463013374,"['sleepEfficiency', 'awakening', 'totalSleepTime', 'combined']"
8f271_00077,0.7374987006187439,0.22246867418289185,0.6429036259651184,0.38858669996261597,9.186292171478271,True,,,100,42ea7f7f1f1948f69a9b433bf8ffd72a,2021-10-12_06-18-14,1634008694,896.4949238300323,179740,crimv3srv041,10.141.0.35,896.4949238300323,0,100,"77_batch_size=32,bidirectional=False,dropout_inner_layers=0.61965,dropout_input_layers=0.40482,hidden_dim=1024,learning_rate=3.2023e-06,monitor=loss,num_layers=1,opt_step_size=11,shared_output_size=153,weight_decay=7.3217e-05",lstm,3.202259217787106e-06,32,False,1,1024,loss,153,11,7.321726020295997e-05,0.4048195760213684,0.6196533904838568,"['sleepEfficiency', 'awakening', 'totalSleepTime', 'combined']"
8f271_00078,1.0530225038528442,0.3993285596370697,0.6956380009651184,0.5517759323120117,7.20452356338501,True,,,16,5934000f2d1543b2abdef670744f9411,2021-10-12_06-20-36,1634008836,137.81020140647888,366670,crimv3srv041,10.141.0.35,137.81020140647888,0,16,"78_batch_size=32,bidirectional=True,dropout_inner_layers=0.52135,dropout_input_layers=0.38706,hidden_dim=256,learning_rate=0.00029767,monitor=mcc,num_layers=2,opt_step_size=11,shared_output_size=246,weight_decay=0.0066498",lstm,0.00029767017699083447,32,True,2,256,mcc,246,11,0.006649832062372949,0.38705984954504336,0.5213496175468412,"['sleepEfficiency', 'awakening', 'totalSleepTime', 'combined']"
8f271_00079,0.7309869527816772,0.2643471956253052,0.6565755009651184,0.40615689754486084,8.845139741897583,True,,,78,63a8e0845c704fcdb58ecaf4b3b3be9d,2021-10-12_06-30-53,1634009453,613.8742942810059,399911,crimv3srv041,10.141.0.35,613.8742942810059,0,78,"79_batch_size=32,bidirectional=True,dropout_inner_layers=0.6773,dropout_input_layers=0.099943,hidden_dim=128,learning_rate=9.2485e-06,monitor=loss,num_layers=1,opt_step_size=19,shared_output_size=129,weight_decay=0.00036492",lstm,9.248540076272341e-06,32,True,1,128,loss,129,19,0.0003649170296841246,0.09994341164925002,0.6773036982957482,"['sleepEfficiency', 'awakening', 'totalSleepTime', 'combined']"
8f271_00080,1.0431721210479736,0.0,0.6223958134651184,0.2531925439834595,5.830690860748291,True,,,6,c47fd3c765b24f648ac9ae895ac9ee4b,2021-10-12_06-31-40,1634009500,42.47112226486206,81930,crimv3srv041,10.141.0.35,42.47112226486206,0,6,"80_batch_size=128,bidirectional=False,dropout_inner_layers=0.4273,dropout_input_layers=0.69444,hidden_dim=32,learning_rate=1.4551e-05,monitor=mcc,num_layers=2,opt_step_size=6,shared_output_size=216,weight_decay=0.0027951",lstm,1.4551143510367737e-05,128,False,2,32,mcc,216,6,0.0027951301770182237,0.6944426563265474,0.42730332342146393,"['sleepEfficiency', 'awakening', 'totalSleepTime', 'combined']"
8f271_00081,1.0023293495178223,0.265789657831192,0.6341145634651184,0.43094998598098755,5.453556537628174,True,,,7,191f96dfb9c646ac8b8adeed28d830dc,2021-10-12_06-32-26,1634009546,44.20760202407837,93009,crimv3srv041,10.141.0.35,44.20760202407837,0,7,"81_batch_size=256,bidirectional=True,dropout_inner_layers=0.43313,dropout_input_layers=0.0065337,hidden_dim=32,learning_rate=0.002565,monitor=loss,num_layers=1,opt_step_size=19,shared_output_size=97,weight_decay=0.0059606",lstm,0.002564985798535033,256,True,1,32,loss,97,19,0.005960630828716341,0.006533686932392091,0.43312893394016794,"['sleepEfficiency', 'awakening', 'totalSleepTime', 'combined']"
8f271_00082,1.1452703475952148,0.0,0.1630859375,0.08680989593267441,5.492587089538574,True,,,6,4d14e54f28624dd2ae80736da803a2dd,2021-10-12_06-33-17,1634009597,46.34275460243225,105275,crimv3srv041,10.141.0.35,46.34275460243225,0,6,"82_batch_size=64,bidirectional=True,dropout_inner_layers=0.2725,dropout_input_layers=0.20091,hidden_dim=32,learning_rate=1.0784e-06,monitor=mcc,num_layers=1,opt_step_size=1,shared_output_size=38,weight_decay=0.0016139",lstm,1.0784313469529522e-06,64,True,1,32,mcc,38,1,0.0016139054520438465,0.200905043433658,0.27250120742073536,"['sleepEfficiency', 'awakening', 'totalSleepTime', 'combined']"
8f271_00083,0.8441348075866699,0.0,0.6223958134651184,0.2531925439834595,7.557405710220337,True,,,6,8c33550b58e148bfb402846f9957645f,2021-10-12_06-34-11,1634009651,51.92325758934021,118781,crimv3srv041,10.141.0.35,51.92325758934021,0,6,"83_batch_size=32,bidirectional=False,dropout_inner_layers=0.12982,dropout_input_layers=0.55298,hidden_dim=512,learning_rate=0.036154,monitor=mcc,num_layers=2,opt_step_size=10,shared_output_size=73,weight_decay=0.0001166",lstm,0.03615425490861013,32,False,2,512,mcc,73,10,0.00011659729948247092,0.5529794749211446,0.12981856461969576,"['sleepEfficiency', 'awakening', 'totalSleepTime', 'combined']"
8f271_00084,0.9013195037841797,0.3697413504123688,0.6767578125,0.5005485415458679,6.371813774108887,True,,,9,d8844dcfea064da1bd149f5c44c6e7d2,2021-10-12_06-35-17,1634009717,62.980385541915894,132699,crimv3srv041,10.141.0.35,62.980385541915894,0,9,"84_batch_size=256,bidirectional=True,dropout_inner_layers=0.40833,dropout_input_layers=0.83171,hidden_dim=512,learning_rate=0.00092416,monitor=loss,num_layers=1,opt_step_size=2,shared_output_size=40,weight_decay=0.00058713",lstm,0.0009241628155288256,256,True,1,512,loss,40,2,0.0005871288360283418,0.8317084939319221,0.4083328175154486,"['sleepEfficiency', 'awakening', 'totalSleepTime', 'combined']"
8f271_00085,1.0604159832000732,0.0443875715136528,0.3831380307674408,0.19415166974067688,8.019309043884277,True,,,100,e64b2c72a1f14693b324e9e4fcfa54ae,2021-10-12_06-47-59,1634010479,759.099782705307,148631,crimv3srv041,10.141.0.35,759.099782705307,0,100,"85_batch_size=128,bidirectional=True,dropout_inner_layers=0.94829,dropout_input_layers=0.61452,hidden_dim=512,learning_rate=1.9367e-06,monitor=loss,num_layers=2,opt_step_size=2,shared_output_size=124,weight_decay=0.00050433",lstm,1.93667780773698e-06,128,True,2,512,loss,124,2,0.0005043346155225468,0.61452489795885,0.9482910681305264,"['sleepEfficiency', 'awakening', 'totalSleepTime', 'combined']"
8f271_00086,0.843335747718811,0.0,0.6223958134651184,0.2531925439834595,6.09567928314209,True,,,7,ff4c775f95d542bda82d45a54aaa29cb,2021-10-12_06-49-00,1634010540,54.870253562927246,333637,crimv3srv041,10.141.0.35,54.870253562927246,0,7,"86_batch_size=64,bidirectional=True,dropout_inner_layers=0.52368,dropout_input_layers=0.82071,hidden_dim=512,learning_rate=0.030778,monitor=loss,num_layers=1,opt_step_size=8,shared_output_size=186,weight_decay=2.2005e-05",lstm,0.030777566173709296,64,True,1,512,loss,186,8,2.2005386798611515e-05,0.8207077532989019,0.5236817393354374,"['sleepEfficiency', 'awakening', 'totalSleepTime', 'combined']"
8f271_00087,0.8434277772903442,0.0,0.6223958134651184,0.2531925439834595,5.34124493598938,True,,,6,7f196a70cd9042b984d0abfbcc7d93d6,2021-10-12_06-49-42,1634010582,38.099849462509155,346887,crimv3srv041,10.141.0.35,38.099849462509155,0,6,"87_batch_size=128,bidirectional=False,dropout_inner_layers=0.56275,dropout_input_layers=0.74311,hidden_dim=128,learning_rate=0.06716,monitor=loss,num_layers=1,opt_step_size=19,shared_output_size=176,weight_decay=0.00011382",lstm,0.06715973001703755,128,False,1,128,loss,176,19,0.00011382289967314128,0.7431063070789672,0.5627541924244227,"['sleepEfficiency', 'awakening', 'totalSleepTime', 'combined']"
8f271_00088,0.8156049847602844,0.3504047393798828,0.6663411259651184,0.4971370995044708,5.172951936721802,True,,,8,80e6466a3c59419c9e19d9dd841acc4a,2021-10-12_06-50-38,1634010638,53.34884333610535,357458,crimv3srv041,10.141.0.35,53.34884333610535,0,8,"88_batch_size=256,bidirectional=False,dropout_inner_layers=0.045667,dropout_input_layers=0.20706,hidden_dim=64,learning_rate=0.012068,monitor=loss,num_layers=1,opt_step_size=14,shared_output_size=13,weight_decay=0.0022227",lstm,0.012067713710041615,256,False,1,64,loss,13,14,0.002222716192265071,0.20706327429075044,0.04566749787537483,"['sleepEfficiency', 'awakening', 'totalSleepTime', 'combined']"
8f271_00089,0.7541040182113647,0.11179865896701813,0.6370442509651184,0.30237793922424316,7.825120687484741,True,,,100,06b2b59eafdf4d789ee4eb9475390853,2021-10-12_07-04-18,1634011458,817.1143136024475,371090,crimv3srv041,10.141.0.35,817.1143136024475,0,100,"89_batch_size=32,bidirectional=True,dropout_inner_layers=0.36755,dropout_input_layers=0.34169,hidden_dim=64,learning_rate=3.3342e-06,monitor=loss,num_layers=2,opt_step_size=19,shared_output_size=183,weight_decay=0.0069896",lstm,3.334191793471944e-06,32,True,2,64,loss,183,19,0.006989644871063898,0.34169352128608255,0.36754547169496776,"['sleepEfficiency', 'awakening', 'totalSleepTime', 'combined']"
8f271_00090,0.9466778039932251,0.3058907091617584,0.6585286259651184,0.4560106694698334,5.926323652267456,True,,,27,759a1e6161de4d54a00de8ca012702b9,2021-10-12_07-07-02,1634011622,160.04293966293335,114190,crimv3srv041,10.141.0.35,160.04293966293335,0,27,"90_batch_size=128,bidirectional=False,dropout_inner_layers=0.80268,dropout_input_layers=0.42932,hidden_dim=64,learning_rate=0.00024588,monitor=mcc,num_layers=1,opt_step_size=8,shared_output_size=91,weight_decay=1.1234e-05",lstm,0.000245881896083182,128,False,1,64,mcc,91,8,1.1233891515461037e-05,0.429321000003581,0.8026759231474048,"['sleepEfficiency', 'awakening', 'totalSleepTime', 'combined']"
8f271_00091,1.1425213813781738,0.0,0.3359375,0.15840798616409302,5.772486925125122,True,,,6,626140c9b06d497fb3cd429b277ce3f3,2021-10-12_07-07-49,1634011669,42.22252058982849,156022,crimv3srv041,10.141.0.35,42.22252058982849,0,6,"91_batch_size=256,bidirectional=True,dropout_inner_layers=0.72449,dropout_input_layers=0.04308,hidden_dim=128,learning_rate=5.5011e-06,monitor=mcc,num_layers=2,opt_step_size=18,shared_output_size=254,weight_decay=0.0001112",lstm,5.501099385022428e-06,256,True,2,128,mcc,254,18,0.00011119566664148036,0.04307997646729245,0.724490971749108,"['sleepEfficiency', 'awakening', 'totalSleepTime', 'combined']"
8f271_00092,0.7647015452384949,0.07450341433286667,0.6396484375,0.29808512330055237,5.866637945175171,True,,,20,009e1572586145c6a88499f4190070ba,2021-10-12_07-10-01,1634011801,129.55079317092896,166854,crimv3srv041,10.141.0.35,129.55079317092896,0,20,"92_batch_size=64,bidirectional=False,dropout_inner_layers=0.27234,dropout_input_layers=0.59151,hidden_dim=256,learning_rate=0.019417,monitor=mcc,num_layers=2,opt_step_size=13,shared_output_size=17,weight_decay=2.8575e-05",lstm,0.01941738721931226,64,False,2,256,mcc,17,13,2.8575093218792044e-05,0.5915118304152086,0.2723393437778714,"['sleepEfficiency', 'awakening', 'totalSleepTime', 'combined']"
8f271_00093,0.8163147568702698,0.16761639714241028,0.5888671875,0.3164139688014984,5.938007831573486,True,,,9,8188d6b6b04c4d96a0cb34e7373eb4d4,2021-10-12_07-11-14,1634011874,68.93540811538696,200126,crimv3srv041,10.141.0.35,68.93540811538696,0,9,"93_batch_size=256,bidirectional=True,dropout_inner_layers=0.81556,dropout_input_layers=0.017461,hidden_dim=512,learning_rate=0.026239,monitor=loss,num_layers=2,opt_step_size=4,shared_output_size=214,weight_decay=0.00033021",lstm,0.026239170821416993,256,True,2,512,loss,214,4,0.00033020811039075255,0.017461048785403555,0.8155576359704224,"['sleepEfficiency', 'awakening', 'totalSleepTime', 'combined']"
8f271_00094,0.7707417011260986,0.0680161789059639,0.6383463740348816,0.29353225231170654,8.425761222839355,True,,,100,e583d9fa901645889583ab694125a7e2,2021-10-12_07-21-52,1634012512,633.8623580932617,216995,crimv3srv041,10.141.0.35,633.8623580932617,0,100,"94_batch_size=64,bidirectional=False,dropout_inner_layers=0.8417,dropout_input_layers=0.71534,hidden_dim=64,learning_rate=1.3475e-05,monitor=loss,num_layers=2,opt_step_size=6,shared_output_size=219,weight_decay=0.0087457",lstm,1.3475456825549145e-05,64,False,2,64,loss,219,6,0.008745698615520292,0.715338697990151,0.8417037296137863,"['sleepEfficiency', 'awakening', 'totalSleepTime', 'combined']"
8f271_00095,0.8166984915733337,0.03477400168776512,0.6243489384651184,0.2816535234451294,5.823718070983887,True,,,100,988eefb2866e4a04a9a02485897dd8ca,2021-10-12_07-32-50,1634013170,647.9615387916565,374061,crimv3srv041,10.141.0.35,647.9615387916565,0,100,"95_batch_size=256,bidirectional=False,dropout_inner_layers=0.16137,dropout_input_layers=0.91781,hidden_dim=512,learning_rate=4.3385e-06,monitor=loss,num_layers=2,opt_step_size=16,shared_output_size=186,weight_decay=0.00018365",lstm,4.33850013123465e-06,256,False,2,512,loss,186,16,0.00018364659378267327,0.9178073577385357,0.1613732997268965,"['sleepEfficiency', 'awakening', 'totalSleepTime', 'combined']"
8f271_00096,1.1649171113967896,0.0,0.2724609375,0.1339789181947708,6.112340927124023,True,,,6,40c52f8c8b6d40ea8bfa3e838b7892de,2021-10-12_07-33-38,1634013218,43.20778703689575,89315,crimv3srv041,10.141.0.35,43.20778703689575,0,6,"96_batch_size=64,bidirectional=True,dropout_inner_layers=0.65682,dropout_input_layers=0.21202,hidden_dim=256,learning_rate=4.3212e-06,monitor=mcc,num_layers=2,opt_step_size=11,shared_output_size=82,weight_decay=0.0016112",lstm,4.321204898502588e-06,64,True,2,256,mcc,82,11,0.0016112065478363583,0.2120236616037925,0.6568203223428953,"['sleepEfficiency', 'awakening', 'totalSleepTime', 'combined']"
8f271_00097,0.7205857038497925,0.3018020689487457,0.66796875,0.40026891231536865,7.458219528198242,True,,,22,e0667a48453344e59bc0f8ebab21c2dd,2021-10-12_07-36-30,1634013390,169.771831035614,102268,crimv3srv041,10.141.0.35,169.771831035614,0,22,"97_batch_size=32,bidirectional=False,dropout_inner_layers=0.78137,dropout_input_layers=0.83798,hidden_dim=128,learning_rate=0.002153,monitor=loss,num_layers=2,opt_step_size=8,shared_output_size=163,weight_decay=0.0032785",lstm,0.0021529973277781794,32,False,2,128,loss,163,8,0.0032785432484238037,0.8379788198428415,0.7813728923195125,"['sleepEfficiency', 'awakening', 'totalSleepTime', 'combined']"
8f271_00098,0.8436310887336731,0.0,0.6223958134651184,0.2531925439834595,7.343775272369385,True,,,6,8b1c6dea3b16467c9d17c0261107494e,2021-10-12_07-37-23,1634013443,49.536235094070435,145481,crimv3srv041,10.141.0.35,49.536235094070435,0,6,"98_batch_size=32,bidirectional=True,dropout_inner_layers=0.92848,dropout_input_layers=0.24063,hidden_dim=32,learning_rate=0.025852,monitor=mcc,num_layers=1,opt_step_size=14,shared_output_size=192,weight_decay=3.0631e-05",lstm,0.025852019692847877,32,True,1,32,mcc,192,14,3.063134009317575e-05,0.24062503348093855,0.9284803885726929,"['sleepEfficiency', 'awakening', 'totalSleepTime', 'combined']"
8f271_00099,0.8425348401069641,0.0,0.6223958134651184,0.2531925439834595,5.925915241241455,True,,,9,02551b4dba0f4496916721dbc06cd174,2021-10-12_07-38-29,1634013509,62.28457236289978,157049,crimv3srv041,10.141.0.35,62.28457236289978,0,9,"99_batch_size=256,bidirectional=False,dropout_inner_layers=0.58904,dropout_input_layers=0.0069052,hidden_dim=1024,learning_rate=0.072152,monitor=loss,num_layers=1,opt_step_size=14,shared_output_size=172,weight_decay=0.00071288",lstm,0.07215195234641808,256,False,1,1024,loss,172,14,0.0007128828031048236,0.006905196308359396,0.5890362760301505,"['sleepEfficiency', 'awakening', 'totalSleepTime', 'combined']"
8f271_00100,0.9463124871253967,0.3198827803134918,0.6611328125,0.48917773365974426,10.049936771392822,True,,,26,d69eeb7b7b5b42f6aa9e9586615a2278,2021-10-12_07-42-39,1634013759,246.55438232421875,173004,crimv3srv041,10.141.0.35,246.55438232421875,0,26,"100_batch_size=32,bidirectional=True,dropout_inner_layers=0.04355,dropout_input_layers=0.087269,hidden_dim=512,learning_rate=0.0093846,monitor=mcc,num_layers=2,opt_step_size=9,shared_output_size=143,weight_decay=0.0059117",lstm,0.009384637910642632,32,True,2,512,mcc,143,9,0.00591168575000478,0.08726859659144937,0.04355006061854583,"['sleepEfficiency', 'awakening', 'totalSleepTime', 'combined']"
8f271_00101,0.8429871201515198,0.0,0.6223958134651184,0.2531925439834595,6.0805511474609375,True,,,6,d755648732c541db80cc922228d09419,2021-10-12_07-43-28,1634013808,44.995208501815796,225051,crimv3srv041,10.141.0.35,44.995208501815796,0,6,"101_batch_size=64,bidirectional=True,dropout_inner_layers=0.99506,dropout_input_layers=0.0079135,hidden_dim=512,learning_rate=0.0077654,monitor=mcc,num_layers=2,opt_step_size=14,shared_output_size=40,weight_decay=3.2188e-05",lstm,0.007765355493677935,64,True,2,512,mcc,40,14,3.218769004425639e-05,0.007913451506380564,0.9950610148642834,"['sleepEfficiency', 'awakening', 'totalSleepTime', 'combined']"
8f271_00102,1.9680403470993042,0.3275753855705261,0.6533203125,0.5142688751220703,5.415879726409912,True,,,23,42e270883e774e2ab2684ea5009b209f,2021-10-12_07-45-45,1634013945,135.00800013542175,236563,crimv3srv041,10.141.0.35,135.00800013542175,0,23,"102_batch_size=128,bidirectional=False,dropout_inner_layers=0.069898,dropout_input_layers=0.16984,hidden_dim=64,learning_rate=0.00059831,monitor=mcc,num_layers=1,opt_step_size=18,shared_output_size=83,weight_decay=8.8142e-05",lstm,0.000598311666936378,128,False,1,64,mcc,83,18,8.814166515942912e-05,0.16983710135522823,0.0698976566840167,"['sleepEfficiency', 'awakening', 'totalSleepTime', 'combined']"
8f271_00103,1.0542328357696533,0.0,0.48828125,0.20609202980995178,9.234334468841553,True,,,6,d316c0ea3a0a408587b31559a941c4ff,2021-10-12_07-46-44,1634014004,55.031365394592285,272304,crimv3srv041,10.141.0.35,55.031365394592285,0,6,"103_batch_size=32,bidirectional=True,dropout_inner_layers=0.87954,dropout_input_layers=0.26465,hidden_dim=256,learning_rate=1.0315e-05,monitor=mcc,num_layers=2,opt_step_size=15,shared_output_size=43,weight_decay=0.00098516",lstm,1.0314669758387424e-05,32,True,2,256,mcc,43,15,0.0009851565960215184,0.26465000332614685,0.8795371914476667,"['sleepEfficiency', 'awakening', 'totalSleepTime', 'combined']"
8f271_00104,1.014205813407898,0.0,0.412109375,0.18719691038131714,5.80982780456543,True,,,100,b69bb9343b4f43dd8053670839fddab6,2021-10-12_07-56-41,1634014601,593.8190562725067,285014,crimv3srv041,10.141.0.35,593.8190562725067,0,100,"104_batch_size=128,bidirectional=True,dropout_inner_layers=0.14062,dropout_input_layers=0.31733,hidden_dim=64,learning_rate=2.2172e-06,monitor=loss,num_layers=2,opt_step_size=2,shared_output_size=155,weight_decay=0.00025488",lstm,2.2172441417690107e-06,128,True,2,64,loss,155,2,0.0002548773538151708,0.3173334302550711,0.14062471911174268,"['sleepEfficiency', 'awakening', 'totalSleepTime', 'combined']"
8f271_00105,0.9429499506950378,0.424567312002182,0.7073567509651184,0.5904115438461304,5.544541597366333,True,,,9,85ef3e6ea54f4fe494e44317e41318ba,2021-10-12_07-57-51,1634014671,67.41284418106079,453528,crimv3srv041,10.141.0.35,67.41284418106079,0,9,"105_batch_size=128,bidirectional=False,dropout_inner_layers=0.46104,dropout_input_layers=0.8544,hidden_dim=1024,learning_rate=0.00095931,monitor=loss,num_layers=1,opt_step_size=16,shared_output_size=27,weight_decay=0.0011543",lstm,0.0009593118722477079,128,False,1,1024,loss,27,16,0.001154257909279781,0.8544045114704039,0.4610360070031473,"['sleepEfficiency', 'awakening', 'totalSleepTime', 'combined']"
8f271_00106,0.7777427434921265,0.28485631942749023,0.6435546875,0.43566638231277466,6.157295227050781,True,,,14,299e64ceca0846aaa2f1cd53e4f15338,2021-10-12_07-59-21,1634014761,87.85064959526062,12622,crimv3srv041,10.141.0.35,87.85064959526062,0,14,"106_batch_size=256,bidirectional=False,dropout_inner_layers=0.01493,dropout_input_layers=0.5991,hidden_dim=256,learning_rate=0.055462,monitor=mcc,num_layers=1,opt_step_size=17,shared_output_size=54,weight_decay=0.00043626",lstm,0.05546244319234494,256,False,1,256,mcc,54,17,0.0004362648550407226,0.5991033931164969,0.014930330493676203,"['sleepEfficiency', 'awakening', 'totalSleepTime', 'combined']"
8f271_00107,1.0626171827316284,0.0,0.4391275942325592,0.18871396780014038,5.318366289138794,True,,,6,971ccd1c652b48ef88548cd577864c11,2021-10-12_08-00-07,1634014807,41.68348503112793,38687,crimv3srv041,10.141.0.35,41.68348503112793,0,6,"107_batch_size=128,bidirectional=True,dropout_inner_layers=0.83712,dropout_input_layers=0.8188,hidden_dim=64,learning_rate=5.4605e-06,monitor=mcc,num_layers=2,opt_step_size=15,shared_output_size=71,weight_decay=0.00020348",lstm,5.460457524455693e-06,128,True,2,64,mcc,71,15,0.0002034789804801405,0.818803340143627,0.8371185555055574,"['sleepEfficiency', 'awakening', 'totalSleepTime', 'combined']"
8f271_00108,0.9182004332542419,0.37860819697380066,0.6826171875,0.5100363492965698,5.630512952804565,True,,,25,e62cc4f801b744e68936ac202e5ae136,2021-10-12_08-02-43,1634014963,153.17080974578857,50249,crimv3srv041,10.141.0.35,153.17080974578857,0,25,"108_batch_size=256,bidirectional=False,dropout_inner_layers=0.11092,dropout_input_layers=0.26263,hidden_dim=512,learning_rate=0.00018704,monitor=mcc,num_layers=1,opt_step_size=7,shared_output_size=151,weight_decay=1.2149e-05",lstm,0.00018704481060077767,256,False,1,512,mcc,151,7,1.2149359713651557e-05,0.26263371683457026,0.11091507978199677,"['sleepEfficiency', 'awakening', 'totalSleepTime', 'combined']"
8f271_00109,0.8380160927772522,0.0,0.6223958134651184,0.2531925439834595,8.887140989303589,True,,,8,0256797866234fb485d3fcc43c5cad1e,2021-10-12_08-03-55,1634015035,67.99485325813293,93888,crimv3srv041,10.141.0.35,67.99485325813293,0,8,"109_batch_size=32,bidirectional=False,dropout_inner_layers=0.59218,dropout_input_layers=0.18221,hidden_dim=64,learning_rate=0.021419,monitor=loss,num_layers=2,opt_step_size=11,shared_output_size=71,weight_decay=0.0021919",lstm,0.021418663912749537,32,False,2,64,loss,71,11,0.002191910170386419,0.18221069190516292,0.5921839025126898,"['sleepEfficiency', 'awakening', 'totalSleepTime', 'combined']"
8f271_00110,0.8439066410064697,0.0,0.6223958134651184,0.2531925439834595,7.146156311035156,True,,,6,d1b82be729c14e39983bb40da5f52985,2021-10-12_08-04-49,1634015089,50.5599422454834,112276,crimv3srv041,10.141.0.35,50.5599422454834,0,6,"110_batch_size=32,bidirectional=False,dropout_inner_layers=0.73575,dropout_input_layers=0.74943,hidden_dim=256,learning_rate=0.033547,monitor=mcc,num_layers=2,opt_step_size=19,shared_output_size=89,weight_decay=0.00014077",lstm,0.03354712603066375,32,False,2,256,mcc,89,19,0.00014077054953490008,0.749433697097688,0.7357537690460696,"['sleepEfficiency', 'awakening', 'totalSleepTime', 'combined']"
8f271_00111,0.7498558163642883,0.29063212871551514,0.6536458134651184,0.4182782769203186,6.017187595367432,True,,,28,92a0a57543d34f06981aff69ef0c59c9,2021-10-12_08-09-09,1634015349,257.2149956226349,126089,crimv3srv041,10.141.0.35,257.2149956226349,0,28,"111_batch_size=256,bidirectional=True,dropout_inner_layers=0.45968,dropout_input_layers=0.34831,hidden_dim=1024,learning_rate=4.01e-05,monitor=mcc,num_layers=2,opt_step_size=4,shared_output_size=44,weight_decay=2.8165e-05",lstm,4.0099594989633744e-05,256,True,2,1024,mcc,44,4,2.8164571722730746e-05,0.34831429738420927,0.4596784163502897,"['sleepEfficiency', 'awakening', 'totalSleepTime', 'combined']"
8f271_00112,0.7579725384712219,0.10195552557706833,0.6376953125,0.3290277123451233,5.1923911571502686,True,,,42,f10d5fd8883b426780405df836605d54,2021-10-12_08-13-15,1634015595,242.45990371704102,190488,crimv3srv041,10.141.0.35,242.45990371704102,0,42,"112_batch_size=128,bidirectional=True,dropout_inner_layers=0.52363,dropout_input_layers=0.56723,hidden_dim=32,learning_rate=4.1542e-05,monitor=loss,num_layers=1,opt_step_size=4,shared_output_size=128,weight_decay=1.8145e-05",lstm,4.15418616277374e-05,128,True,1,32,loss,128,4,1.814501554759679e-05,0.5672331056808546,0.5236330552949983,"['sleepEfficiency', 'awakening', 'totalSleepTime', 'combined']"
8f271_00113,0.7948604226112366,0.3120271861553192,0.638671875,0.4508174657821655,5.535902976989746,True,,,23,06fe6d004df648cbaef46ac720ffcb31,2021-10-12_08-15-39,1634015739,140.77814245224,262897,crimv3srv041,10.141.0.35,140.77814245224,0,23,"113_batch_size=128,bidirectional=False,dropout_inner_layers=0.74662,dropout_input_layers=0.32493,hidden_dim=512,learning_rate=0.011029,monitor=mcc,num_layers=2,opt_step_size=8,shared_output_size=242,weight_decay=0.00012902",lstm,0.011028573662291895,128,False,2,512,mcc,242,8,0.0001290204893707173,0.3249343127899528,0.7466233979281627,"['sleepEfficiency', 'awakening', 'totalSleepTime', 'combined']"
8f271_00114,0.7797817587852478,0.24689297378063202,0.6298828125,0.37363070249557495,5.282969236373901,True,,,17,3f547f4e7cfe4434a66fc885eb6de237,2021-10-12_08-17-27,1634015847,104.11090183258057,303529,crimv3srv041,10.141.0.35,104.11090183258057,0,17,"114_batch_size=128,bidirectional=False,dropout_inner_layers=0.77092,dropout_input_layers=0.26194,hidden_dim=256,learning_rate=0.021978,monitor=loss,num_layers=1,opt_step_size=16,shared_output_size=221,weight_decay=2.9991e-05",lstm,0.021978451856089345,128,False,1,256,loss,221,16,2.999130052184794e-05,0.26194031577299703,0.770915150687811,"['sleepEfficiency', 'awakening', 'totalSleepTime', 'combined']"
8f271_00115,1.1155707836151123,0.0,0.3082682192325592,0.14228105545043945,6.601310968399048,True,,,6,78091d15f6fa46d4b08086c9d475b977,2021-10-12_08-18-10,1634015890,40.16426348686218,332697,crimv3srv041,10.141.0.35,40.16426348686218,0,6,"115_batch_size=256,bidirectional=True,dropout_inner_layers=0.73008,dropout_input_layers=0.53044,hidden_dim=512,learning_rate=1.4383e-05,monitor=mcc,num_layers=1,opt_step_size=1,shared_output_size=5,weight_decay=0.00029576",lstm,1.438342496806583e-05,256,True,1,512,mcc,5,1,0.0002957638488684732,0.5304444760084379,0.7300829434842374,"['sleepEfficiency', 'awakening', 'totalSleepTime', 'combined']"
8f271_00116,1.1304686069488525,0.0,0.4212239682674408,0.18687725067138672,5.817664861679077,True,,,6,7300566b3ca84f79881019160054628f,2021-10-12_08-18-53,1634015933,39.64263701438904,342542,crimv3srv041,10.141.0.35,39.64263701438904,0,6,"116_batch_size=256,bidirectional=False,dropout_inner_layers=0.96733,dropout_input_layers=0.42496,hidden_dim=64,learning_rate=1.9314e-06,monitor=mcc,num_layers=1,opt_step_size=8,shared_output_size=105,weight_decay=0.0039264",lstm,1.9313983824302704e-06,256,False,1,64,mcc,105,8,0.003926424011030655,0.4249556623923264,0.9673315265182016,"['sleepEfficiency', 'awakening', 'totalSleepTime', 'combined']"
8f271_00117,1.081563115119934,0.0,0.3248697817325592,0.15003734827041626,6.6733245849609375,True,,,6,b377ec26c061402fa05735b773d8d0bc,2021-10-12_08-19-43,1634015983,47.2595899105072,352542,crimv3srv041,10.141.0.35,47.2595899105072,0,6,"117_batch_size=64,bidirectional=True,dropout_inner_layers=0.89118,dropout_input_layers=0.74682,hidden_dim=1024,learning_rate=2.0931e-06,monitor=mcc,num_layers=1,opt_step_size=7,shared_output_size=126,weight_decay=0.0077135",lstm,2.0931023135552544e-06,64,True,1,1024,mcc,126,7,0.007713460629837639,0.7468225934029865,0.8911830561123901,"['sleepEfficiency', 'awakening', 'totalSleepTime', 'combined']"
8f271_00118,0.8447600603103638,0.0,0.6223958134651184,0.2531925439834595,11.112785577774048,True,,,6,163c5bee21f24783b88d955cadcdc8cd,2021-10-12_08-21-10,1634016070,82.45405793190002,363777,crimv3srv041,10.141.0.35,82.45405793190002,0,6,"118_batch_size=32,bidirectional=True,dropout_inner_layers=0.57276,dropout_input_layers=0.89549,hidden_dim=1024,learning_rate=0.096814,monitor=mcc,num_layers=2,opt_step_size=10,shared_output_size=16,weight_decay=1.0228e-05",lstm,0.09681399181949714,32,True,2,1024,mcc,16,10,1.0228052962024324e-05,0.8954944642917544,0.5727620609028856,"['sleepEfficiency', 'awakening', 'totalSleepTime', 'combined']"
8f271_00119,1.560088038444519,0.358342707157135,0.6708984375,0.5223512053489685,5.406785011291504,True,,,16,bac7a171ec53428497ff030581baf40d,2021-10-12_08-22-58,1634016178,105.36427617073059,381321,crimv3srv041,10.141.0.35,105.36427617073059,0,16,"119_batch_size=256,bidirectional=True,dropout_inner_layers=0.26862,dropout_input_layers=0.73468,hidden_dim=512,learning_rate=0.010825,monitor=mcc,num_layers=1,opt_step_size=2,shared_output_size=160,weight_decay=9.6089e-05",lstm,0.010824934121869514,256,True,1,512,mcc,160,2,9.608851382477845e-05,0.734683839443117,0.2686213373555808,"['sleepEfficiency', 'awakening', 'totalSleepTime', 'combined']"
8f271_00120,0.9002203345298767,0.31311774253845215,0.6520182490348816,0.4604608714580536,5.8119823932647705,True,,,11,1909c133d0214cc280832d218409c346,2021-10-12_08-24-10,1634016250,67.45680618286133,407923,crimv3srv041,10.141.0.35,67.45680618286133,0,11,"120_batch_size=256,bidirectional=False,dropout_inner_layers=0.51583,dropout_input_layers=0.59291,hidden_dim=128,learning_rate=0.00063596,monitor=loss,num_layers=1,opt_step_size=2,shared_output_size=240,weight_decay=0.0031868",lstm,0.0006359566631558982,256,False,1,128,loss,240,2,0.0031867730007959258,0.5929119873311093,0.5158345627597962,"['sleepEfficiency', 'awakening', 'totalSleepTime', 'combined']"
8f271_00121,0.8477755784988403,0.07899501919746399,0.6279296875,0.29601311683654785,5.769892454147339,True,,,31,2f19af41b55a4646a89a7382850eee62,2021-10-12_08-27-16,1634016436,183.72395515441895,425902,crimv3srv041,10.141.0.35,183.72395515441895,0,31,"121_batch_size=128,bidirectional=True,dropout_inner_layers=0.93291,dropout_input_layers=0.80074,hidden_dim=64,learning_rate=0.00011428,monitor=loss,num_layers=1,opt_step_size=4,shared_output_size=254,weight_decay=6.3578e-05",lstm,0.00011427512388424807,128,True,1,64,loss,254,4,6.357756941305197e-05,0.800738633115825,0.9329069312668441,"['sleepEfficiency', 'awakening', 'totalSleepTime', 'combined']"
8f271_00122,1.0514163970947266,0.0,0.4212239682674408,0.18687725067138672,5.910768032073975,True,,,6,de54b9926983441396d3b20ecec3c987,2021-10-12_08-28-00,1634016480,39.837212324142456,22513,crimv3srv041,10.141.0.35,39.837212324142456,0,6,"122_batch_size=256,bidirectional=False,dropout_inner_layers=0.49343,dropout_input_layers=0.84547,hidden_dim=1024,learning_rate=1.1482e-06,monitor=mcc,num_layers=1,opt_step_size=13,shared_output_size=87,weight_decay=0.0061944",lstm,1.1481932067953648e-06,256,False,1,1024,mcc,87,13,0.00619443809658721,0.8454699083617317,0.49342586930074506,"['sleepEfficiency', 'awakening', 'totalSleepTime', 'combined']"
8f271_00123,0.8438452482223511,0.0,0.6223958134651184,0.2531925439834595,7.625467300415039,True,,,15,fa322872fa424c3482bac27459802501,2021-10-12_08-30-09,1634016609,126.57327318191528,34376,crimv3srv041,10.141.0.35,126.57327318191528,0,15,"123_batch_size=32,bidirectional=True,dropout_inner_layers=0.92846,dropout_input_layers=0.88122,hidden_dim=64,learning_rate=0.051071,monitor=loss,num_layers=2,opt_step_size=19,shared_output_size=220,weight_decay=0.0034769",lstm,0.05107081795882928,32,True,2,64,loss,220,19,0.0034768843322131576,0.8812237034488766,0.928459465345327,"['sleepEfficiency', 'awakening', 'totalSleepTime', 'combined']"
8f271_00124,1.1060930490493774,0.0,0.1868489533662796,0.09954041242599487,6.594627618789673,True,,,6,23489cb326bc47cfa36740451b427895,2021-10-12_08-30-56,1634016656,43.41386938095093,67480,crimv3srv041,10.141.0.35,43.41386938095093,0,6,"124_batch_size=128,bidirectional=False,dropout_inner_layers=0.20271,dropout_input_layers=0.16114,hidden_dim=256,learning_rate=8.8893e-06,monitor=mcc,num_layers=1,opt_step_size=15,shared_output_size=187,weight_decay=0.00065603",lstm,8.889315585861055e-06,128,False,1,256,mcc,187,15,0.0006560323370482919,0.16114303728987434,0.2027100399993086,"['sleepEfficiency', 'awakening', 'totalSleepTime', 'combined']"
8f271_00125,0.8504713773727417,0.44399040937423706,0.7200520634651184,0.5805094242095947,5.8956873416900635,True,,,13,f2df9d1c525c40568bf1e6eed512341f,2021-10-12_08-32-32,1634016752,93.3681013584137,80198,crimv3srv041,10.141.0.35,93.3681013584137,0,13,"125_batch_size=64,bidirectional=False,dropout_inner_layers=0.17465,dropout_input_layers=0.85512,hidden_dim=1024,learning_rate=0.00010911,monitor=loss,num_layers=1,opt_step_size=15,shared_output_size=194,weight_decay=0.0069666",lstm,0.00010911247093397401,64,False,1,1024,loss,194,15,0.006966594905679602,0.8551220792766931,0.1746529987226083,"['sleepEfficiency', 'awakening', 'totalSleepTime', 'combined']"
8f271_00126,1.9271541833877563,0.43035343289375305,0.70703125,0.5695486664772034,6.061587333679199,True,,,18,f647cbe88bf94a4584fd517e8700d8a0,2021-10-12_08-34-36,1634016876,119.86613464355469,106722,crimv3srv041,10.141.0.35,119.86613464355469,0,18,"126_batch_size=64,bidirectional=True,dropout_inner_layers=0.080722,dropout_input_layers=0.86599,hidden_dim=256,learning_rate=0.00034793,monitor=mcc,num_layers=1,opt_step_size=12,shared_output_size=206,weight_decay=0.00024616",lstm,0.00034792983014724844,64,True,1,256,mcc,206,12,0.0002461552238741934,0.8659941680240023,0.08072247421294543,"['sleepEfficiency', 'awakening', 'totalSleepTime', 'combined']"
8f271_00127,0.9957588911056519,0.3558116853237152,0.66796875,0.5486836433410645,5.649118900299072,True,,,8,16ffef6ab93c423fb6dae8e0a92728a8,2021-10-12_08-35-35,1634016935,55.346680879592896,138691,crimv3srv041,10.141.0.35,55.346680879592896,0,8,"127_batch_size=256,bidirectional=False,dropout_inner_layers=0.052929,dropout_input_layers=0.19796,hidden_dim=128,learning_rate=0.0031286,monitor=loss,num_layers=1,opt_step_size=12,shared_output_size=154,weight_decay=3.2608e-05",lstm,0.0031285686177071207,256,False,1,128,loss,154,12,3.260832748431503e-05,0.1979560063127791,0.05292882096295748,"['sleepEfficiency', 'awakening', 'totalSleepTime', 'combined']"
8f271_00128,1.4979028701782227,0.4251817464828491,0.7037760615348816,0.593775749206543,7.501125812530518,True,,,28,53f470d232b34922a925b4628b011e02,2021-10-12_08-39-40,1634017180,242.0741560459137,154275,crimv3srv041,10.141.0.35,242.0741560459137,0,28,"128_batch_size=32,bidirectional=False,dropout_inner_layers=0.63396,dropout_input_layers=0.16384,hidden_dim=1024,learning_rate=0.00015829,monitor=mcc,num_layers=1,opt_step_size=16,shared_output_size=226,weight_decay=0.00021972",lstm,0.00015829482447089066,32,False,1,1024,mcc,226,16,0.00021971969818265216,0.1638385381439963,0.6339552176495405,"['sleepEfficiency', 'awakening', 'totalSleepTime', 'combined']"
8f271_00129,0.8425217270851135,0.0,0.6223958134651184,0.2531925439834595,7.447494745254517,True,,,6,2cb5e71f94ac435e94cf49595aab2364,2021-10-12_08-40-32,1634017232,49.63351535797119,213539,crimv3srv041,10.141.0.35,49.63351535797119,0,6,"129_batch_size=32,bidirectional=True,dropout_inner_layers=0.93824,dropout_input_layers=0.50342,hidden_dim=32,learning_rate=0.018464,monitor=mcc,num_layers=1,opt_step_size=16,shared_output_size=227,weight_decay=5.1511e-05",lstm,0.018463514592929765,32,True,1,32,mcc,227,16,5.151128212829719e-05,0.5034169058565452,0.9382367675848097,"['sleepEfficiency', 'awakening', 'totalSleepTime', 'combined']"
8f271_00130,1.4235436916351318,0.3480919301509857,0.6585286259651184,0.5133357644081116,11.834361791610718,True,,,20,fccb699b67e54c0ea4e89afa196d4b11,2021-10-12_08-45-49,1634017549,312.7873754501343,226746,crimv3srv041,10.141.0.35,312.7873754501343,0,20,"130_batch_size=32,bidirectional=True,dropout_inner_layers=0.39248,dropout_input_layers=0.32397,hidden_dim=1024,learning_rate=0.00010845,monitor=mcc,num_layers=2,opt_step_size=12,shared_output_size=112,weight_decay=7.7949e-05",lstm,0.00010845109653882871,32,True,2,1024,mcc,112,12,7.794905057601998e-05,0.3239714733189696,0.3924753005043383,"['sleepEfficiency', 'awakening', 'totalSleepTime', 'combined']"
8f271_00131,0.7094017267227173,0.3325097858905792,0.6695963740348816,0.4415324628353119,5.638706684112549,True,,,71,54b4acaad55243e48ae31c13d7d40e15,2021-10-12_08-52-51,1634017971,418.72985196113586,292113,crimv3srv041,10.141.0.35,418.72985196113586,0,71,"131_batch_size=128,bidirectional=False,dropout_inner_layers=0.47492,dropout_input_layers=0.92194,hidden_dim=256,learning_rate=1.9055e-05,monitor=loss,num_layers=1,opt_step_size=15,shared_output_size=144,weight_decay=1.2685e-05",lstm,1.9054739467109945e-05,128,False,1,256,loss,144,15,1.2684961138723542e-05,0.9219410015261122,0.4749166869948578,"['sleepEfficiency', 'awakening', 'totalSleepTime', 'combined']"
8f271_00132,0.940490186214447,0.4278019964694977,0.70703125,0.5883645415306091,5.229243993759155,True,,,13,b1eeff059b1c46f3b74343ab7c4af237,2021-10-12_08-54-21,1634018061,86.43353533744812,417112,crimv3srv041,10.141.0.35,86.43353533744812,0,13,"132_batch_size=128,bidirectional=True,dropout_inner_layers=0.066195,dropout_input_layers=0.22782,hidden_dim=512,learning_rate=0.00021723,monitor=loss,num_layers=1,opt_step_size=16,shared_output_size=44,weight_decay=8.5932e-05",lstm,0.00021723356257830057,128,True,1,512,loss,44,16,8.593241018375835e-05,0.227819917219809,0.06619486539749153,"['sleepEfficiency', 'awakening', 'totalSleepTime', 'combined']"
8f271_00133,0.7883668541908264,0.33729058504104614,0.6692708134651184,0.46745961904525757,5.505938291549683,True,,,8,224664cd6e0244e5841d545d08883020,2021-10-12_08-55-15,1634018115,50.561439514160156,442108,crimv3srv041,10.141.0.35,50.561439514160156,0,8,"133_batch_size=256,bidirectional=False,dropout_inner_layers=0.37485,dropout_input_layers=0.097708,hidden_dim=128,learning_rate=0.0033246,monitor=loss,num_layers=2,opt_step_size=19,shared_output_size=9,weight_decay=5.3546e-05",lstm,0.003324643159576912,256,False,2,128,loss,9,19,5.354602680037285e-05,0.09770808579644696,0.37485444999099027,"['sleepEfficiency', 'awakening', 'totalSleepTime', 'combined']"
8f271_00134,1.287975788116455,0.3625536561012268,0.6728515625,0.5181881785392761,6.004650831222534,True,,,25,e5bdc554410348c883f4b164cba226c8,2021-10-12_08-57-46,1634018266,147.9077627658844,458341,crimv3srv041,10.141.0.35,147.9077627658844,0,25,"134_batch_size=256,bidirectional=False,dropout_inner_layers=0.35045,dropout_input_layers=0.30779,hidden_dim=128,learning_rate=0.0020267,monitor=mcc,num_layers=2,opt_step_size=13,shared_output_size=210,weight_decay=3.8211e-05",lstm,0.002026662706727081,256,False,2,128,mcc,210,13,3.8211446825174344e-05,0.30779079673740795,0.3504509137489388,"['sleepEfficiency', 'awakening', 'totalSleepTime', 'combined']"
8f271_00135,0.7745859026908875,0.3335019052028656,0.6787109375,0.436175674200058,6.231663227081299,True,,,22,6bbdb01e22fd45b0b01ae4e5d95f4fae,2021-10-12_09-00-10,1634018410,139.75121688842773,46052,crimv3srv041,10.141.0.35,139.75121688842773,0,22,"135_batch_size=256,bidirectional=True,dropout_inner_layers=0.60029,dropout_input_layers=0.035755,hidden_dim=256,learning_rate=0.00013675,monitor=loss,num_layers=1,opt_step_size=8,shared_output_size=80,weight_decay=2.3291e-05",lstm,0.00013675447584321482,256,True,1,256,loss,80,8,2.3290860539328136e-05,0.035755450571846925,0.6002932844797818,"['sleepEfficiency', 'awakening', 'totalSleepTime', 'combined']"
8f271_00136,0.8267489671707153,0.39546525478363037,0.6861979365348816,0.5342671871185303,7.319535493850708,True,,,8,8dbd399f33d94f528b36e4d075ba0515,2021-10-12_09-01-23,1634018483,68.81378054618835,88397,crimv3srv041,10.141.0.35,68.81378054618835,0,8,"136_batch_size=32,bidirectional=True,dropout_inner_layers=0.65614,dropout_input_layers=0.55504,hidden_dim=256,learning_rate=0.0006332,monitor=loss,num_layers=1,opt_step_size=19,shared_output_size=251,weight_decay=0.0057395",lstm,0.0006331996976204264,32,True,1,256,loss,251,19,0.00573950959951507,0.5550379260764323,0.6561409636077016,"['sleepEfficiency', 'awakening', 'totalSleepTime', 'combined']"
8f271_00137,0.7735694646835327,0.05421577766537666,0.5960286259651184,0.2875884473323822,6.265655040740967,True,,,19,61acd12906d14ddbab04a912a5d990fc,2021-10-12_09-03-53,1634018633,145.87149143218994,107343,crimv3srv041,10.141.0.35,145.87149143218994,0,19,"137_batch_size=64,bidirectional=False,dropout_inner_layers=0.39279,dropout_input_layers=0.64487,hidden_dim=1024,learning_rate=1.3761e-05,monitor=mcc,num_layers=2,opt_step_size=12,shared_output_size=242,weight_decay=0.00046446",lstm,1.376140529936254e-05,64,False,2,1024,mcc,242,12,0.0004644593141492221,0.6448679024966868,0.39278551819349905,"['sleepEfficiency', 'awakening', 'totalSleepTime', 'combined']"
8f271_00138,0.7247297763824463,0.2929946184158325,0.6634114384651184,0.397371768951416,7.379542589187622,True,,,18,1ec0928a4147448a9ec9fbdf561d84b4,2021-10-12_09-06-14,1634018774,136.49615836143494,145515,crimv3srv041,10.141.0.35,136.49615836143494,0,18,"138_batch_size=32,bidirectional=False,dropout_inner_layers=0.78167,dropout_input_layers=0.41503,hidden_dim=128,learning_rate=0.00011058,monitor=loss,num_layers=2,opt_step_size=19,shared_output_size=84,weight_decay=0.00028537",lstm,0.00011057966882233286,32,False,2,128,loss,84,19,0.00028537386576295867,0.41502513684140985,0.781672404214171,"['sleepEfficiency', 'awakening', 'totalSleepTime', 'combined']"
8f271_00139,0.8184301853179932,0.31783199310302734,0.6409505009651184,0.43224769830703735,5.772210597991943,True,,,16,94bdc6ed70f04ae8bc44f90870347498,2021-10-12_09-08-05,1634018885,107.22543239593506,181299,crimv3srv041,10.141.0.35,107.22543239593506,0,16,"139_batch_size=256,bidirectional=True,dropout_inner_layers=0.81511,dropout_input_layers=0.24251,hidden_dim=512,learning_rate=0.00025569,monitor=loss,num_layers=2,opt_step_size=1,shared_output_size=228,weight_decay=5.7618e-05",lstm,0.00025568614331933663,256,True,2,512,loss,228,1,5.761825134613226e-05,0.24251186820042658,0.8151141120047569,"['sleepEfficiency', 'awakening', 'totalSleepTime', 'combined']"
8f271_00140,0.8469844460487366,0.0,0.6223958134651184,0.2531925439834595,8.355743646621704,True,,,6,2b0399b31c6242de8f7b9bd0eee640fa,2021-10-12_09-09-06,1634018946,56.01961922645569,210685,crimv3srv041,10.141.0.35,56.01961922645569,0,6,"140_batch_size=32,bidirectional=True,dropout_inner_layers=0.7581,dropout_input_layers=0.76749,hidden_dim=512,learning_rate=0.096952,monitor=mcc,num_layers=2,opt_step_size=15,shared_output_size=142,weight_decay=0.0078356",lstm,0.09695239931224071,32,True,2,512,mcc,142,15,0.007835613136668954,0.7674930049618264,0.7581048436811518,"['sleepEfficiency', 'awakening', 'totalSleepTime', 'combined']"
8f271_00141,0.9271957874298096,0.38226714730262756,0.6917317509651184,0.5301164388656616,5.7526562213897705,True,,,7,c68c5dc8932f4c529fa4a7b404a6e9e8,2021-10-12_09-09-57,1634018997,46.70296859741211,224863,crimv3srv041,10.141.0.35,46.70296859741211,0,7,"141_batch_size=64,bidirectional=True,dropout_inner_layers=0.24794,dropout_input_layers=0.27016,hidden_dim=128,learning_rate=0.00089778,monitor=loss,num_layers=2,opt_step_size=2,shared_output_size=226,weight_decay=0.00079349",lstm,0.000897777840670077,64,True,2,128,loss,226,2,0.0007934901568894768,0.270160698947454,0.24793917670957966,"['sleepEfficiency', 'awakening', 'totalSleepTime', 'combined']"
8f271_00142,0.989103376865387,0.3065715432167053,0.6552734375,0.4186788499355316,5.175109148025513,True,,,18,c98f6bb37352457b807277c254adf069,2021-10-12_09-11-46,1634019106,105.59863662719727,238563,crimv3srv041,10.141.0.35,105.59863662719727,0,18,"142_batch_size=128,bidirectional=True,dropout_inner_layers=0.86522,dropout_input_layers=0.99312,hidden_dim=64,learning_rate=0.00051744,monitor=mcc,num_layers=1,opt_step_size=3,shared_output_size=15,weight_decay=1.1354e-05",lstm,0.0005174413193747967,128,True,1,64,mcc,15,3,1.1354213885677668e-05,0.9931175282882748,0.8652246344695845,"['sleepEfficiency', 'awakening', 'totalSleepTime', 'combined']"
8f271_00143,0.805284857749939,0.0,0.6223958134651184,0.2531925439834595,5.682210445404053,True,,,6,eb5ccfecc21940b995e8012a30dba945,2021-10-12_09-12-26,1634019146,37.63098430633545,267356,crimv3srv041,10.141.0.35,37.63098430633545,0,6,"143_batch_size=256,bidirectional=False,dropout_inner_layers=0.59903,dropout_input_layers=0.89557,hidden_dim=32,learning_rate=0.0016393,monitor=mcc,num_layers=2,opt_step_size=8,shared_output_size=243,weight_decay=0.0039691",lstm,0.0016392680377328593,256,False,2,32,mcc,243,8,0.0039691296652382855,0.895572133377934,0.5990280107981187,"['sleepEfficiency', 'awakening', 'totalSleepTime', 'combined']"
8f271_00144,0.7735337615013123,0.0,0.6223958134651184,0.2531925439834595,6.938999891281128,True,,,100,e082e903927a4b9b9ef37961b6e5645d,2021-10-12_09-24-25,1634019865,714.5666811466217,276778,crimv3srv041,10.141.0.35,714.5666811466217,0,100,"144_batch_size=32,bidirectional=False,dropout_inner_layers=0.68355,dropout_input_layers=0.54942,hidden_dim=64,learning_rate=5.1533e-06,monitor=loss,num_layers=1,opt_step_size=4,shared_output_size=73,weight_decay=0.00019426",lstm,5.1532573366941694e-06,32,False,1,64,loss,73,4,0.00019426052980246777,0.549419359795742,0.6835488831150343,"['sleepEfficiency', 'awakening', 'totalSleepTime', 'combined']"
8f271_00145,1.6943103075027466,0.38248559832572937,0.6761067509651184,0.5424802303314209,7.198070049285889,True,,,19,4f4231480c944436b2714b85eb92bd0d,2021-10-12_09-26-53,1634020013,142.66424775123596,441302,crimv3srv041,10.141.0.35,142.66424775123596,0,19,"145_batch_size=32,bidirectional=True,dropout_inner_layers=0.35439,dropout_input_layers=0.44231,hidden_dim=64,learning_rate=0.00077961,monitor=mcc,num_layers=1,opt_step_size=18,shared_output_size=46,weight_decay=2.1919e-05",lstm,0.0007796057229738072,32,True,1,64,mcc,46,18,2.1919345547767498e-05,0.4423051569955845,0.3543855371193565,"['sleepEfficiency', 'awakening', 'totalSleepTime', 'combined']"
8f271_00146,0.8366140127182007,0.39189592003822327,0.6904296875,0.5430979132652283,6.108199834823608,True,,,8,2f8dcc7657704742a3de584f8afd09a8,2021-10-12_09-27-47,1634020067,51.625999450683594,17305,crimv3srv041,10.141.0.35,51.625999450683594,0,8,"146_batch_size=128,bidirectional=True,dropout_inner_layers=0.20205,dropout_input_layers=0.27665,hidden_dim=256,learning_rate=0.0011753,monitor=loss,num_layers=2,opt_step_size=15,shared_output_size=98,weight_decay=0.0013709",lstm,0.0011753323633750137,128,True,2,256,loss,98,15,0.0013708593048661372,0.2766461303476484,0.20204610393368416,"['sleepEfficiency', 'awakening', 'totalSleepTime', 'combined']"
8f271_00147,0.8769845962524414,0.32101231813430786,0.6614583134651184,0.4521332383155823,6.659916162490845,True,,,9,e25edae3218c4699a5148aee2b9647fc,2021-10-12_09-29-01,1634020141,69.66078567504883,33641,crimv3srv041,10.141.0.35,69.66078567504883,0,9,"147_batch_size=32,bidirectional=False,dropout_inner_layers=0.72933,dropout_input_layers=0.28273,hidden_dim=256,learning_rate=0.00025814,monitor=loss,num_layers=1,opt_step_size=19,shared_output_size=60,weight_decay=0.0003606",lstm,0.00025813824157301207,32,False,1,256,loss,60,19,0.00036059642560227665,0.2827341521770198,0.7293284876678455,"['sleepEfficiency', 'awakening', 'totalSleepTime', 'combined']"
8f271_00148,0.7586689591407776,0.26227235794067383,0.6376953125,0.3827727138996124,5.783795356750488,True,,,9,edb089354e374f41901af41e2cd5893d,2021-10-12_09-30-03,1634020203,56.855705976486206,53151,crimv3srv041,10.141.0.35,56.855705976486206,0,9,"148_batch_size=64,bidirectional=True,dropout_inner_layers=0.62582,dropout_input_layers=0.35929,hidden_dim=64,learning_rate=0.025652,monitor=loss,num_layers=1,opt_step_size=1,shared_output_size=25,weight_decay=3.9852e-05",lstm,0.025651817905010525,64,True,1,64,loss,25,1,3.9851863064541406e-05,0.3592942440406136,0.6258200214540357,"['sleepEfficiency', 'awakening', 'totalSleepTime', 'combined']"
8f271_00149,0.7298634052276611,0.26230940222740173,0.6539713740348816,0.39510178565979004,5.916304349899292,True,,,43,eb5560c755284d1697383c8b37faf7d8,2021-10-12_09-34-07,1634020447,239.41761231422424,70994,crimv3srv041,10.141.0.35,239.41761231422424,0,43,"149_batch_size=128,bidirectional=False,dropout_inner_layers=0.36538,dropout_input_layers=0.29541,hidden_dim=64,learning_rate=5.093e-05,monitor=loss,num_layers=1,opt_step_size=19,shared_output_size=11,weight_decay=0.00044737",lstm,5.093034654304327e-05,128,False,1,64,loss,11,19,0.0004473730453294243,0.2954136549412322,0.36537865738480024,"['sleepEfficiency', 'awakening', 'totalSleepTime', 'combined']"
8f271_00150,0.8420288562774658,0.0,0.6223958134651184,0.2531925439834595,5.696579933166504,True,,,6,270642ebbdc1423ebe8d9a347125c367,2021-10-12_09-34-52,1634020492,40.34177279472351,144869,crimv3srv041,10.141.0.35,40.34177279472351,0,6,"150_batch_size=64,bidirectional=False,dropout_inner_layers=0.77123,dropout_input_layers=0.96355,hidden_dim=512,learning_rate=0.030417,monitor=loss,num_layers=1,opt_step_size=9,shared_output_size=230,weight_decay=0.0049823",lstm,0.030417011121201237,64,False,1,512,loss,230,9,0.004982333463638358,0.9635478131277034,0.7712298816853241,"['sleepEfficiency', 'awakening', 'totalSleepTime', 'combined']"
8f271_00151,0.7557398080825806,0.29073482751846313,0.662109375,0.3901899755001068,5.206789970397949,True,,,26,86c3f67e87064fc99711a7928687f049,2021-10-12_09-37-20,1634020640,145.67687559127808,157602,crimv3srv041,10.141.0.35,145.67687559127808,0,26,"151_batch_size=256,bidirectional=False,dropout_inner_layers=0.78415,dropout_input_layers=0.9257,hidden_dim=128,learning_rate=0.0001904,monitor=mcc,num_layers=1,opt_step_size=3,shared_output_size=193,weight_decay=4.5436e-05",lstm,0.00019040441163846388,256,False,1,128,mcc,193,3,4.543643886906789e-05,0.9256963408271387,0.7841532670253473,"['sleepEfficiency', 'awakening', 'totalSleepTime', 'combined']"
8f271_00152,0.9357585906982422,0.34041649103164673,0.6585286259651184,0.47731533646583557,5.462073087692261,True,,,9,ac40072c29c04e1dbe7042eb998bf732,2021-10-12_09-38-30,1634020710,65.5106189250946,198455,crimv3srv041,10.141.0.35,65.5106189250946,0,9,"152_batch_size=128,bidirectional=True,dropout_inner_layers=0.79619,dropout_input_layers=0.15435,hidden_dim=1024,learning_rate=0.0011256,monitor=loss,num_layers=1,opt_step_size=6,shared_output_size=66,weight_decay=7.8863e-05",lstm,0.0011256003286100168,128,True,1,1024,loss,66,6,7.88628668785851e-05,0.15434943147681035,0.7961918516299608,"['sleepEfficiency', 'awakening', 'totalSleepTime', 'combined']"
