trial_id,loss,mcc,acc,macroF1,time_this_iter_s,done,timesteps_total,episodes_total,training_iteration,experiment_id,date,timestamp,time_total_s,pid,hostname,node_ip,time_since_restore,timesteps_since_restore,iterations_since_restore,experiment_tag,config.structure,config.learning_rate,config.batch_size,config.bidirectional,config.num_layers,config.hidden_dim,config.monitor,config.shared_output_size,config.opt_step_size,config.weight_decay,config.dropout_input_layers,config.dropout_inner_layers,config.sleep_metrics
c63a2_00000,0.9776894450187683,-0.00807387474924326,0.5315290093421936,0.22979018092155457,5.660433530807495,True,,,100,f12cec8c04054dfa9fd75281ce6b6495,2021-10-12_20-16-40,1634059000,592.1349744796753,342206,crimv3srv040,10.141.0.34,592.1349744796753,0,100,"0_batch_size=64,bidirectional=True,dropout_inner_layers=0.2481,dropout_input_layers=0.41851,hidden_dim=32,learning_rate=1.1269e-06,monitor=loss,num_layers=1,opt_step_size=2,shared_output_size=128,weight_decay=4.5256e-05",cnnlstm,1.1268620922535336e-06,64,True,1,32,loss,128,2,4.5255985530599084e-05,0.41850818051045247,0.24810116841355911,"['sleepEfficiency', 'awakening', 'totalSleepTime', 'combined']"
c63a2_00001,1.1248304843902588,0.0,0.234375,0.12301309406757355,5.473479986190796,True,,,6,fb50a3fef95d48919ec45d0c31409ff9,2021-10-12_20-17-21,1634059041,38.177921772003174,429229,crimv3srv040,10.141.0.34,38.177921772003174,0,6,"1_batch_size=128,bidirectional=False,dropout_inner_layers=0.95096,dropout_input_layers=0.87856,hidden_dim=128,learning_rate=2.6321e-06,monitor=mcc,num_layers=1,opt_step_size=2,shared_output_size=93,weight_decay=3.1647e-05",cnnlstm,2.6320749736273015e-06,128,False,1,128,mcc,93,2,3.1646744413349114e-05,0.878559085532659,0.9509640316267165,"['sleepEfficiency', 'awakening', 'totalSleepTime', 'combined']"
c63a2_00002,1.1402177810668945,0.0,0.3510044515132904,0.16122926771640778,8.066996335983276,True,,,6,9e685ac48ad941618dac8baf0b93f3bd,2021-10-12_20-18-18,1634059098,53.96355485916138,434737,crimv3srv040,10.141.0.34,53.96355485916138,0,6,"2_batch_size=32,bidirectional=True,dropout_inner_layers=0.54784,dropout_input_layers=0.6669,hidden_dim=256,learning_rate=1.5622e-06,monitor=mcc,num_layers=2,opt_step_size=11,shared_output_size=186,weight_decay=0.0049433",cnnlstm,1.5622188693842582e-06,32,True,2,256,mcc,186,11,0.004943349933141232,0.6668989729196366,0.5478377830464816,"['sleepEfficiency', 'awakening', 'totalSleepTime', 'combined']"
c63a2_00003,0.870302677154541,0.3673337399959564,0.6261160969734192,0.5903491377830505,7.941309690475464,True,,,21,f7dd82f07cf748af851edf51f3998c4b,2021-10-12_20-21-07,1634059267,164.97181177139282,440732,crimv3srv040,10.141.0.34,164.97181177139282,0,21,"3_batch_size=32,bidirectional=True,dropout_inner_layers=0.46567,dropout_input_layers=0.82487,hidden_dim=128,learning_rate=0.0032519,monitor=mcc,num_layers=1,opt_step_size=12,shared_output_size=229,weight_decay=0.0012115",cnnlstm,0.0032518995380974173,32,True,1,128,mcc,229,12,0.0012114793986107313,0.8248704645005481,0.46566847536726585,"['sleepEfficiency', 'awakening', 'totalSleepTime', 'combined']"
c63a2_00004,0.9539470672607422,0.0,0.533203125,0.22948399186134338,5.736931562423706,True,,,6,9cc16035d49742c4bc04a584ce47bb65,2021-10-12_20-21-49,1634059309,38.54303574562073,1266,crimv3srv040,10.141.0.34,38.54303574562073,0,6,"4_batch_size=128,bidirectional=False,dropout_inner_layers=0.52108,dropout_input_layers=0.16964,hidden_dim=64,learning_rate=0.050422,monitor=loss,num_layers=1,opt_step_size=9,shared_output_size=193,weight_decay=0.0089141",cnnlstm,0.050422229829618456,128,False,1,64,loss,193,9,0.008914104985655112,0.1696362575837671,0.5210847114597973,"['sleepEfficiency', 'awakening', 'totalSleepTime', 'combined']"
c63a2_00005,0.9549060463905334,0.0,0.533203125,0.22948399186134338,5.685716390609741,True,,,8,3878fbe475e145118fdaa2336b57db01,2021-10-12_20-22-45,1634059365,52.91697669029236,7235,crimv3srv040,10.141.0.34,52.91697669029236,0,8,"5_batch_size=64,bidirectional=False,dropout_inner_layers=0.24312,dropout_input_layers=0.18554,hidden_dim=256,learning_rate=0.053406,monitor=loss,num_layers=2,opt_step_size=19,shared_output_size=184,weight_decay=0.0081759",cnnlstm,0.053405635200435675,64,False,2,256,loss,184,19,0.008175946411773794,0.18554168693446071,0.2431156753134085,"['sleepEfficiency', 'awakening', 'totalSleepTime', 'combined']"
c63a2_00006,0.9030256271362305,0.0954158753156662,0.5580357313156128,0.3105793595314026,5.595224142074585,True,,,14,3ff0263058274befbd601411beb16c08,2021-10-12_20-24-17,1634059457,88.23464941978455,14979,crimv3srv040,10.141.0.34,88.23464941978455,0,14,"6_batch_size=64,bidirectional=True,dropout_inner_layers=0.46353,dropout_input_layers=0.3469,hidden_dim=64,learning_rate=0.023281,monitor=loss,num_layers=1,opt_step_size=17,shared_output_size=186,weight_decay=0.0018829",cnnlstm,0.023281138555331107,64,True,1,64,loss,186,17,0.001882929069794358,0.3469019537755197,0.46353471398405754,"['sleepEfficiency', 'awakening', 'totalSleepTime', 'combined']"
c63a2_00007,1.0194731950759888,0.0,0.5029296875,0.21969932317733765,5.49942421913147,True,,,10,893a3bd498f74faca31a89c8cb6ce563,2021-10-12_20-25-23,1634059523,61.37752819061279,27634,crimv3srv040,10.141.0.34,61.37752819061279,0,10,"7_batch_size=256,bidirectional=False,dropout_inner_layers=0.97872,dropout_input_layers=0.89892,hidden_dim=256,learning_rate=0.001129,monitor=loss,num_layers=1,opt_step_size=9,shared_output_size=134,weight_decay=2.6331e-05",cnnlstm,0.0011289863841006823,256,False,1,256,loss,134,9,2.6331432971339587e-05,0.8989229937673232,0.978719518984546,"['sleepEfficiency', 'awakening', 'totalSleepTime', 'combined']"
c63a2_00008,0.9528073072433472,0.0,0.533203125,0.22948399186134338,13.17104721069336,True,,,6,c86e7b6f1b214f66b51723170c95fc47,2021-10-12_20-26-58,1634059618,90.53287839889526,36978,crimv3srv040,10.141.0.34,90.53287839889526,0,6,"8_batch_size=32,bidirectional=True,dropout_inner_layers=0.64712,dropout_input_layers=0.039455,hidden_dim=1024,learning_rate=0.044534,monitor=mcc,num_layers=2,opt_step_size=19,shared_output_size=201,weight_decay=0.0059649",cnnlstm,0.04453377053069205,32,True,2,1024,mcc,201,19,0.0059648596830554935,0.03945481767426706,0.6471167135451114,"['sleepEfficiency', 'awakening', 'totalSleepTime', 'combined']"
c63a2_00009,0.7062041163444519,0.42341819405555725,0.6900111436843872,0.5872242450714111,7.3950841426849365,True,,,18,3f5d7ffd74ff494780be4301a469bc7a,2021-10-12_20-29-31,1634059771,149.13917517662048,42642,crimv3srv040,10.141.0.34,149.13917517662048,0,18,"9_batch_size=32,bidirectional=False,dropout_inner_layers=0.23961,dropout_input_layers=0.67371,hidden_dim=512,learning_rate=0.0015498,monitor=loss,num_layers=2,opt_step_size=15,shared_output_size=100,weight_decay=0.00016227",cnnlstm,0.0015497795417655797,32,False,2,512,loss,100,15,0.0001622747930594793,0.6737143186444894,0.2396081670712522,"['sleepEfficiency', 'awakening', 'totalSleepTime', 'combined']"
c63a2_00010,0.88889080286026,0.1901157647371292,0.5694754719734192,0.39252135157585144,7.833929777145386,True,,,65,dd008afc1efe44a880ee3b2978f1b79e,2021-10-12_20-39-09,1634060349,573.739367723465,59304,crimv3srv040,10.141.0.34,573.739367723465,0,65,"10_batch_size=32,bidirectional=False,dropout_inner_layers=0.87012,dropout_input_layers=0.63557,hidden_dim=1024,learning_rate=7.7144e-06,monitor=loss,num_layers=1,opt_step_size=3,shared_output_size=226,weight_decay=1.6228e-05",cnnlstm,7.714392944253698e-06,32,False,1,1024,loss,226,3,1.6227688920677303e-05,0.635572831962246,0.8701190031896262,"['sleepEfficiency', 'awakening', 'totalSleepTime', 'combined']"
c63a2_00011,0.7909626960754395,0.31228241324424744,0.6171875,0.4881461560726166,5.523717403411865,True,,,26,ee007fb9364e41708f80501e9e86b8bf,2021-10-12_20-41-42,1634060502,148.19919085502625,117594,crimv3srv040,10.141.0.34,148.19919085502625,0,26,"11_batch_size=256,bidirectional=True,dropout_inner_layers=0.37512,dropout_input_layers=0.022867,hidden_dim=128,learning_rate=5.9052e-05,monitor=loss,num_layers=1,opt_step_size=1,shared_output_size=201,weight_decay=0.0053509",cnnlstm,5.9051664422223445e-05,256,True,1,128,loss,201,1,0.0053509220915861485,0.022866949969676864,0.3751227624957739,"['sleepEfficiency', 'awakening', 'totalSleepTime', 'combined']"
c63a2_00012,0.8496050834655762,0.20382271707057953,0.5814732313156128,0.36500847339630127,5.771626710891724,True,,,100,90cf43b1cbd44959a93d6dbc6d095c13,2021-10-12_20-51-03,1634061063,556.9092438220978,140428,crimv3srv040,10.141.0.34,556.9092438220978,0,100,"12_batch_size=128,bidirectional=True,dropout_inner_layers=0.41435,dropout_input_layers=0.49814,hidden_dim=32,learning_rate=9.9579e-06,monitor=loss,num_layers=2,opt_step_size=2,shared_output_size=120,weight_decay=0.00021495",cnnlstm,9.957874378938733e-06,128,True,2,32,loss,120,2,0.0002149497206948265,0.49813961036179266,0.41434632479962163,"['sleepEfficiency', 'awakening', 'totalSleepTime', 'combined']"
c63a2_00013,1.0618586540222168,0.0,0.51171875,0.22158966958522797,5.389344692230225,True,,,6,8792c426319344a0a3bc984aae7acd8c,2021-10-12_20-51-46,1634061106,39.056731939315796,227214,crimv3srv040,10.141.0.34,39.056731939315796,0,6,"13_batch_size=128,bidirectional=False,dropout_inner_layers=0.83635,dropout_input_layers=0.51951,hidden_dim=512,learning_rate=1.1784e-05,monitor=mcc,num_layers=1,opt_step_size=17,shared_output_size=87,weight_decay=0.00035797",cnnlstm,1.1783649454303449e-05,128,False,1,512,mcc,87,17,0.0003579654474243257,0.5195139615528149,0.8363517261619613,"['sleepEfficiency', 'awakening', 'totalSleepTime', 'combined']"
c63a2_00014,1.118476390838623,0.0,0.3727213442325592,0.1710825264453888,5.407761812210083,True,,,100,f3c8b0f0eb14467f9d38942a2098a1d2,2021-10-12_21-00-53,1634061653,544.0483140945435,232937,crimv3srv040,10.141.0.34,544.0483140945435,0,100,"14_batch_size=256,bidirectional=True,dropout_inner_layers=0.14679,dropout_input_layers=0.13493,hidden_dim=32,learning_rate=1.0983e-06,monitor=loss,num_layers=2,opt_step_size=13,shared_output_size=104,weight_decay=0.00052963",cnnlstm,1.098310725843565e-06,256,True,2,32,loss,104,13,0.0005296331369759431,0.1349277444379824,0.14678823181091394,"['sleepEfficiency', 'awakening', 'totalSleepTime', 'combined']"
c63a2_00015,1.1123344898223877,0.0,0.2739955484867096,0.14110355079174042,5.135636806488037,True,,,6,7f7a458dacbd4988a9776902ed2e4ad6,2021-10-12_21-01-35,1634061695,37.366827726364136,318296,crimv3srv040,10.141.0.34,37.366827726364136,0,6,"15_batch_size=128,bidirectional=True,dropout_inner_layers=0.78792,dropout_input_layers=0.56825,hidden_dim=64,learning_rate=1.8699e-06,monitor=mcc,num_layers=1,opt_step_size=4,shared_output_size=245,weight_decay=0.0014112",cnnlstm,1.8698952046608086e-06,128,True,1,64,mcc,245,4,0.0014112337678149004,0.5682485862311178,0.7879243948259242,"['sleepEfficiency', 'awakening', 'totalSleepTime', 'combined']"
c63a2_00016,0.958490252494812,0.0,0.5266926884651184,0.22758005559444427,5.6331627368927,True,,,6,ccccb94677db4b6a8ce3a3bc5a726500,2021-10-12_21-02-15,1634061735,37.33064270019531,323671,crimv3srv040,10.141.0.34,37.33064270019531,0,6,"16_batch_size=256,bidirectional=True,dropout_inner_layers=0.14924,dropout_input_layers=0.69998,hidden_dim=32,learning_rate=0.091112,monitor=mcc,num_layers=1,opt_step_size=8,shared_output_size=211,weight_decay=6.9874e-05",cnnlstm,0.09111245566046482,256,True,1,32,mcc,211,8,6.987355529418901e-05,0.6999808958962674,0.14923920953342074,"['sleepEfficiency', 'awakening', 'totalSleepTime', 'combined']"
c63a2_00017,0.7908366918563843,0.33469995856285095,0.6344866156578064,0.516895592212677,5.72771954536438,True,,,14,8597f78b110a421c92b047a91d1bbaf7,2021-10-12_21-03-48,1634061828,90.00736951828003,329206,crimv3srv040,10.141.0.34,90.00736951828003,0,14,"17_batch_size=64,bidirectional=True,dropout_inner_layers=0.59236,dropout_input_layers=0.35446,hidden_dim=128,learning_rate=0.011545,monitor=loss,num_layers=2,opt_step_size=17,shared_output_size=228,weight_decay=0.0032322",cnnlstm,0.011545483416634089,64,True,2,128,loss,228,17,0.0032321614038338725,0.3544573619314896,0.592360807642609,"['sleepEfficiency', 'awakening', 'totalSleepTime', 'combined']"
c63a2_00018,1.1399480104446411,0.0,0.2392578125,0.119814433157444,6.27711296081543,True,,,100,f64d824ae3464b55a75e9ffc9d0e18af,2021-10-12_21-14-39,1634062479,647.4229531288147,341791,crimv3srv040,10.141.0.34,647.4229531288147,0,100,"18_batch_size=256,bidirectional=True,dropout_inner_layers=0.13354,dropout_input_layers=0.51746,hidden_dim=512,learning_rate=1.0875e-06,monitor=loss,num_layers=1,opt_step_size=11,shared_output_size=20,weight_decay=0.0056439",cnnlstm,1.0874987508639042e-06,256,True,1,512,loss,20,11,0.005643884512778675,0.5174602417688304,0.13353967592343363,"['sleepEfficiency', 'awakening', 'totalSleepTime', 'combined']"
c63a2_00019,0.9923508763313293,0.0,0.4866071343421936,0.2132987529039383,8.415612936019897,True,,,9,95741e51568448db80310ea70b3e3736,2021-10-12_21-16-21,1634062581,95.76982569694519,428284,crimv3srv040,10.141.0.34,95.76982569694519,0,9,"19_batch_size=64,bidirectional=True,dropout_inner_layers=0.57583,dropout_input_layers=0.26102,hidden_dim=1024,learning_rate=3.6536e-06,monitor=mcc,num_layers=2,opt_step_size=18,shared_output_size=87,weight_decay=0.00043473",cnnlstm,3.653554332799661e-06,64,True,2,1024,mcc,87,18,0.0004347346030564226,0.26101658314752796,0.5758255178198639,"['sleepEfficiency', 'awakening', 'totalSleepTime', 'combined']"
c63a2_00020,0.9433985352516174,0.0,0.533203125,0.22948399186134338,7.118942022323608,True,,,7,5f2ea5702f854c3fb834f29637c899e8,2021-10-12_21-17-25,1634062645,59.30348563194275,437021,crimv3srv040,10.141.0.34,59.30348563194275,0,7,"20_batch_size=32,bidirectional=False,dropout_inner_layers=0.52031,dropout_input_layers=0.96516,hidden_dim=256,learning_rate=3.7091e-05,monitor=mcc,num_layers=2,opt_step_size=10,shared_output_size=44,weight_decay=0.00030149",cnnlstm,3.709052954955428e-05,32,False,2,256,mcc,44,10,0.000301489474786139,0.9651581834600466,0.5203119444971533,"['sleepEfficiency', 'awakening', 'totalSleepTime', 'combined']"
c63a2_00021,0.951917827129364,0.0,0.533203125,0.22948399186134338,7.95562744140625,True,,,6,f8435f7485f14c3c92232a07e9a7f12b,2021-10-12_21-18-20,1634062700,50.265018463134766,443989,crimv3srv040,10.141.0.34,50.265018463134766,0,6,"21_batch_size=32,bidirectional=False,dropout_inner_layers=0.84494,dropout_input_layers=0.57041,hidden_dim=512,learning_rate=0.032742,monitor=mcc,num_layers=1,opt_step_size=3,shared_output_size=31,weight_decay=1.103e-05",cnnlstm,0.032742209084671056,32,False,1,512,mcc,31,3,1.1030290838686267e-05,0.5704137147446832,0.8449433823912905,"['sleepEfficiency', 'awakening', 'totalSleepTime', 'combined']"
c63a2_00022,1.100685954093933,0.0,0.4361049234867096,0.19762255251407623,5.8759400844573975,True,,,6,600bfd8eaf864d8da681fb101ccd68b9,2021-10-12_21-19-04,1634062744,41.84506821632385,449561,crimv3srv040,10.141.0.34,41.84506821632385,0,6,"22_batch_size=64,bidirectional=True,dropout_inner_layers=0.73257,dropout_input_layers=0.81197,hidden_dim=256,learning_rate=2.408e-06,monitor=mcc,num_layers=2,opt_step_size=3,shared_output_size=223,weight_decay=0.0018687",cnnlstm,2.4080024047740317e-06,64,True,2,256,mcc,223,3,0.0018687398807117584,0.8119711282584908,0.7325650957767226,"['sleepEfficiency', 'awakening', 'totalSleepTime', 'combined']"
c63a2_00023,1.0013786554336548,0.0,0.5080915093421936,0.2211930751800537,7.941404581069946,True,,,9,28878b37d33b4ba189754cd3ef9d3f1c,2021-10-12_21-20-28,1634062828,79.11674380302429,455547,crimv3srv040,10.141.0.34,79.11674380302429,0,9,"23_batch_size=32,bidirectional=False,dropout_inner_layers=0.30838,dropout_input_layers=0.96772,hidden_dim=1024,learning_rate=1.4764e-06,monitor=mcc,num_layers=1,opt_step_size=16,shared_output_size=253,weight_decay=0.00047924",cnnlstm,1.476449949804332e-06,32,False,1,1024,mcc,253,16,0.0004792442014624336,0.9677189597257391,0.3083843510756832,"['sleepEfficiency', 'awakening', 'totalSleepTime', 'combined']"
c63a2_00024,0.7925918698310852,0.37784820795059204,0.6570870280265808,0.5581802725791931,7.529754400253296,True,,,18,ea229901d7534206af6ead48ca7fa329,2021-10-12_21-22-54,1634062974,142.6997640132904,5669,crimv3srv040,10.141.0.34,142.6997640132904,0,18,"24_batch_size=32,bidirectional=False,dropout_inner_layers=0.28323,dropout_input_layers=0.070743,hidden_dim=128,learning_rate=4.9482e-05,monitor=loss,num_layers=2,opt_step_size=14,shared_output_size=12,weight_decay=7.9509e-05",cnnlstm,4.948229459854826e-05,32,False,2,128,loss,12,14,7.950850051106464e-05,0.07074288067705248,0.2832254594724831,"['sleepEfficiency', 'awakening', 'totalSleepTime', 'combined']"
c63a2_00025,0.956200361251831,0.0,0.533203125,0.22948399186134338,7.386154651641846,True,,,6,a9cf701777814af28f0b738ef2d3a05c,2021-10-12_21-23-48,1634063028,50.022878646850586,22372,crimv3srv040,10.141.0.34,50.022878646850586,0,6,"25_batch_size=32,bidirectional=True,dropout_inner_layers=0.97505,dropout_input_layers=0.032768,hidden_dim=128,learning_rate=0.064056,monitor=mcc,num_layers=1,opt_step_size=10,shared_output_size=84,weight_decay=6.3529e-05",cnnlstm,0.0640559189912638,32,True,1,128,mcc,84,10,6.352907611684638e-05,0.03276815137849143,0.975046375727054,"['sleepEfficiency', 'awakening', 'totalSleepTime', 'combined']"
c63a2_00026,0.7779920697212219,0.3527826964855194,0.6420201063156128,0.5083028674125671,8.130313634872437,True,,,9,d86562daef594f1d99e5485641af5a7f,2021-10-12_21-25-38,1634063138,107.4614315032959,27980,crimv3srv040,10.141.0.34,107.4614315032959,0,9,"26_batch_size=64,bidirectional=True,dropout_inner_layers=0.43707,dropout_input_layers=0.4072,hidden_dim=1024,learning_rate=0.0027011,monitor=loss,num_layers=2,opt_step_size=11,shared_output_size=78,weight_decay=2.7787e-05",cnnlstm,0.0027010732255990147,64,True,2,1024,loss,78,11,2.7787494250405655e-05,0.4071988178686643,0.4370724997358888,"['sleepEfficiency', 'awakening', 'totalSleepTime', 'combined']"
c63a2_00027,0.8212359547615051,0.22658750414848328,0.5789620280265808,0.37457239627838135,5.341692209243774,True,,,32,19f0c787af2b407fbdc63a21dfed3ed4,2021-10-12_21-28-42,1634063322,179.59360599517822,36728,crimv3srv040,10.141.0.34,179.59360599517822,0,32,"27_batch_size=128,bidirectional=False,dropout_inner_layers=0.7433,dropout_input_layers=0.78651,hidden_dim=256,learning_rate=4.8753e-05,monitor=mcc,num_layers=1,opt_step_size=16,shared_output_size=148,weight_decay=0.00023508",cnnlstm,4.8752560907928784e-05,128,False,1,256,mcc,148,16,0.0002350760502093763,0.7865120057911458,0.7432954956892825,"['sleepEfficiency', 'awakening', 'totalSleepTime', 'combined']"
c63a2_00028,1.1133952140808105,0.43870893120765686,0.6813151240348816,0.6226832270622253,5.586979866027832,True,,,21,38d7dac4f7034e5fb0dde0cd2143cae9,2021-10-12_21-31-09,1634063469,142.17269206047058,64928,crimv3srv040,10.141.0.34,142.17269206047058,0,21,"28_batch_size=256,bidirectional=True,dropout_inner_layers=0.0026437,dropout_input_layers=0.48637,hidden_dim=512,learning_rate=0.00092463,monitor=mcc,num_layers=2,opt_step_size=17,shared_output_size=150,weight_decay=0.0024114",cnnlstm,0.0009246281407651865,256,True,2,512,mcc,150,17,0.002411380119528833,0.48637211754702614,0.0026436929675517362,"['sleepEfficiency', 'awakening', 'totalSleepTime', 'combined']"
c63a2_00029,0.8197419047355652,0.35073745250701904,0.6276041865348816,0.5125874280929565,5.311661243438721,True,,,17,36da7a0c68134fe18e6c73b630409309,2021-10-12_21-33-09,1634063589,116.08412718772888,83679,crimv3srv040,10.141.0.34,116.08412718772888,0,17,"29_batch_size=256,bidirectional=False,dropout_inner_layers=0.55313,dropout_input_layers=0.91866,hidden_dim=1024,learning_rate=0.00015421,monitor=loss,num_layers=1,opt_step_size=15,shared_output_size=75,weight_decay=0.00035396",cnnlstm,0.0001542114286630097,256,False,1,1024,loss,75,15,0.00035395842833883497,0.9186601329837563,0.5531270868965023,"['sleepEfficiency', 'awakening', 'totalSleepTime', 'combined']"
c63a2_00030,0.9347549676895142,0.4207039475440979,0.6732701063156128,0.6107302904129028,6.458532810211182,True,,,28,8b5eaad832644e97867d804a9bca7a05,2021-10-12_21-37-59,1634063879,286.92605924606323,98953,crimv3srv040,10.141.0.34,286.92605924606323,0,28,"30_batch_size=128,bidirectional=True,dropout_inner_layers=0.21279,dropout_input_layers=0.20371,hidden_dim=1024,learning_rate=5.9773e-05,monitor=mcc,num_layers=2,opt_step_size=17,shared_output_size=77,weight_decay=0.00040989",cnnlstm,5.9773249241288665e-05,128,True,2,1024,mcc,77,17,0.0004098898474810914,0.20370705228091657,0.2127865951978376,"['sleepEfficiency', 'awakening', 'totalSleepTime', 'combined']"
c63a2_00031,1.1583391427993774,0.3975761830806732,0.6208147406578064,0.573931097984314,7.673689842224121,True,,,17,a3b559f1b57b4618af6cdc894a03e7a1,2021-10-12_21-40-21,1634064021,137.60778784751892,124777,crimv3srv040,10.141.0.34,137.60778784751892,0,17,"31_batch_size=32,bidirectional=True,dropout_inner_layers=0.73113,dropout_input_layers=0.95494,hidden_dim=256,learning_rate=0.00036068,monitor=mcc,num_layers=1,opt_step_size=4,shared_output_size=153,weight_decay=0.0016074",cnnlstm,0.00036067560414876874,32,True,1,256,mcc,153,4,0.0016074158228006428,0.9549364423841713,0.7311298355135133,"['sleepEfficiency', 'awakening', 'totalSleepTime', 'combined']"
c63a2_00032,1.1394028663635254,0.0,0.25390625,0.12936782836914062,5.708696365356445,True,,,6,6203fa2288aa423498f102d8292db892,2021-10-12_21-41-05,1634064065,39.85416579246521,140409,crimv3srv040,10.141.0.34,39.85416579246521,0,6,"32_batch_size=64,bidirectional=True,dropout_inner_layers=0.57875,dropout_input_layers=0.88343,hidden_dim=32,learning_rate=1.2733e-06,monitor=mcc,num_layers=1,opt_step_size=13,shared_output_size=247,weight_decay=0.00056614",cnnlstm,1.2732888657654754e-06,64,True,1,32,mcc,247,13,0.0005661387833680181,0.8834332260849691,0.5787496113205873,"['sleepEfficiency', 'awakening', 'totalSleepTime', 'combined']"
c63a2_00033,1.09885835647583,0.0,0.3984375,0.18694767355918884,6.279103994369507,True,,,6,b07b6e98992d440dbc6a6e7414a3a635,2021-10-12_21-41-48,1634064108,39.57988691329956,145887,crimv3srv040,10.141.0.34,39.57988691329956,0,6,"33_batch_size=256,bidirectional=True,dropout_inner_layers=0.20104,dropout_input_layers=0.74341,hidden_dim=32,learning_rate=7.7598e-06,monitor=mcc,num_layers=2,opt_step_size=6,shared_output_size=230,weight_decay=1.4509e-05",cnnlstm,7.75983168829624e-06,256,True,2,32,mcc,230,6,1.4508858026655376e-05,0.7434131328771562,0.20103766147872104,"['sleepEfficiency', 'awakening', 'totalSleepTime', 'combined']"
c63a2_00034,0.9507814645767212,0.0,0.533203125,0.22948399186134338,5.656372785568237,True,,,6,365b81fd2b2b4ba2b9114a975d2c7226,2021-10-12_21-42-35,1634064155,42.56421208381653,151662,crimv3srv040,10.141.0.34,42.56421208381653,0,6,"34_batch_size=128,bidirectional=False,dropout_inner_layers=0.01887,dropout_input_layers=0.44354,hidden_dim=1024,learning_rate=0.033372,monitor=mcc,num_layers=2,opt_step_size=7,shared_output_size=142,weight_decay=0.0067009",cnnlstm,0.03337157563951399,128,False,2,1024,mcc,142,7,0.006700939287566688,0.4435438275910586,0.018870397784030102,"['sleepEfficiency', 'awakening', 'totalSleepTime', 'combined']"
c63a2_00035,0.8156803250312805,0.3034542500972748,0.6118861436843872,0.4468233585357666,5.7204225063323975,True,,,100,dce2e640fcd64b8ca921b66d2e486d02,2021-10-12_21-51-58,1634064718,560.8688464164734,157274,crimv3srv040,10.141.0.34,560.8688464164734,0,100,"35_batch_size=128,bidirectional=True,dropout_inner_layers=0.34427,dropout_input_layers=0.96392,hidden_dim=64,learning_rate=5.0036e-05,monitor=loss,num_layers=2,opt_step_size=18,shared_output_size=193,weight_decay=0.00070462",cnnlstm,5.003594492432032e-05,128,True,2,64,loss,193,18,0.0007046235554666704,0.9639177303374826,0.34427421327378716,"['sleepEfficiency', 'awakening', 'totalSleepTime', 'combined']"
c63a2_00036,0.8858411908149719,0.41841837763786316,0.6766182780265808,0.5977743268013,5.594107389450073,True,,,11,cc1ae1aebccf45de9159ef6e33d87c43,2021-10-12_21-53-09,1634064789,66.90492177009583,243799,crimv3srv040,10.141.0.34,66.90492177009583,0,11,"36_batch_size=128,bidirectional=True,dropout_inner_layers=0.18481,dropout_input_layers=0.032425,hidden_dim=128,learning_rate=0.002701,monitor=loss,num_layers=1,opt_step_size=12,shared_output_size=9,weight_decay=0.0053836",cnnlstm,0.0027010174900120093,128,True,1,128,loss,9,12,0.005383592502304945,0.03242495886252683,0.18481437483051522,"['sleepEfficiency', 'awakening', 'totalSleepTime', 'combined']"
c63a2_00037,0.77823406457901,0.3604735732078552,0.6392298936843872,0.5293442010879517,5.4669787883758545,True,,,20,3d89682ca9b94b529cfa0bdaab213cf1,2021-10-12_21-55-26,1634064926,131.9279556274414,254035,crimv3srv040,10.141.0.34,131.9279556274414,0,20,"37_batch_size=128,bidirectional=True,dropout_inner_layers=0.36904,dropout_input_layers=0.85796,hidden_dim=512,learning_rate=0.0064828,monitor=mcc,num_layers=2,opt_step_size=19,shared_output_size=145,weight_decay=6.87e-05",cnnlstm,0.006482767137759784,128,True,2,512,mcc,145,19,6.870042426535609e-05,0.8579604137835884,0.3690399964680221,"['sleepEfficiency', 'awakening', 'totalSleepTime', 'combined']"
c63a2_00038,0.9523165225982666,0.0,0.533203125,0.22948399186134338,5.5268213748931885,True,,,6,fb8c6f98ce164242bf51ccfad876db36,2021-10-12_21-56-13,1634064973,42.244349241256714,271743,crimv3srv040,10.141.0.34,42.244349241256714,0,6,"38_batch_size=128,bidirectional=False,dropout_inner_layers=0.81462,dropout_input_layers=0.10937,hidden_dim=1024,learning_rate=0.031258,monitor=mcc,num_layers=2,opt_step_size=7,shared_output_size=208,weight_decay=0.00013835",cnnlstm,0.0312578697216472,128,False,2,1024,mcc,208,7,0.00013834722195296714,0.10937339268700785,0.8146246111896013,"['sleepEfficiency', 'awakening', 'totalSleepTime', 'combined']"
c63a2_00039,0.951180636882782,0.0,0.533203125,0.22948399186134338,5.502894878387451,True,,,7,7872ac6f55ae4ddca0a421036d5f305c,2021-10-12_21-57-03,1634065023,47.5393009185791,277243,crimv3srv040,10.141.0.34,47.5393009185791,0,7,"39_batch_size=128,bidirectional=False,dropout_inner_layers=0.079101,dropout_input_layers=0.6747,hidden_dim=1024,learning_rate=0.046497,monitor=loss,num_layers=1,opt_step_size=12,shared_output_size=224,weight_decay=8.5821e-05",cnnlstm,0.04649724388629017,128,False,1,1024,loss,224,12,8.58214208797037e-05,0.6747040432734931,0.07910104217629743,"['sleepEfficiency', 'awakening', 'totalSleepTime', 'combined']"
c63a2_00040,0.9693088531494141,0.0,0.51171875,0.22158966958522797,5.85755181312561,True,,,100,cdaed3b74dd74e2a84cfccda79b74c57,2021-10-12_22-06-59,1634065619,592.0436851978302,284077,crimv3srv040,10.141.0.34,592.0436851978302,0,100,"40_batch_size=128,bidirectional=True,dropout_inner_layers=0.55293,dropout_input_layers=0.54897,hidden_dim=256,learning_rate=1.4575e-06,monitor=loss,num_layers=1,opt_step_size=9,shared_output_size=162,weight_decay=0.00014449",cnnlstm,1.4575382862041275e-06,128,True,1,256,loss,162,9,0.00014448959805808787,0.548967345099569,0.5529311724432222,"['sleepEfficiency', 'awakening', 'totalSleepTime', 'combined']"
c63a2_00041,0.8448500633239746,0.13430853188037872,0.5625,0.3246225416660309,5.325892210006714,True,,,21,c568059492b540d39ba748ddc14ecfd7,2021-10-12_22-09-12,1634065752,128.2741560935974,370749,crimv3srv040,10.141.0.34,128.2741560935974,0,21,"41_batch_size=128,bidirectional=True,dropout_inner_layers=0.77753,dropout_input_layers=0.20264,hidden_dim=256,learning_rate=4.4734e-05,monitor=mcc,num_layers=2,opt_step_size=8,shared_output_size=115,weight_decay=5.696e-05",cnnlstm,4.47338079123092e-05,128,True,2,256,mcc,115,8,5.696007823332449e-05,0.20263513230551344,0.7775255130659098,"['sleepEfficiency', 'awakening', 'totalSleepTime', 'combined']"
c63a2_00042,1.1201776266098022,0.0,0.2525111734867096,0.1332092136144638,7.403462886810303,True,,,6,6ab1c21fe3b443089b83ee47c0270f4c,2021-10-12_22-10-07,1634065807,50.75532245635986,389395,crimv3srv040,10.141.0.34,50.75532245635986,0,6,"42_batch_size=32,bidirectional=False,dropout_inner_layers=0.83128,dropout_input_layers=0.099295,hidden_dim=32,learning_rate=4.9884e-06,monitor=mcc,num_layers=2,opt_step_size=17,shared_output_size=21,weight_decay=5.6307e-05",cnnlstm,4.98843419790714e-06,32,False,2,32,mcc,21,17,5.6306695592147276e-05,0.09929470601297852,0.8312765591947365,"['sleepEfficiency', 'awakening', 'totalSleepTime', 'combined']"
c63a2_00043,0.9817940592765808,0.43230554461479187,0.6783854365348816,0.6120685935020447,5.686606407165527,True,,,28,fcb63631dcad42128c63c71c691eb78d,2021-10-12_22-13-05,1634065985,175.409677028656,395329,crimv3srv040,10.141.0.34,175.409677028656,0,28,"43_batch_size=256,bidirectional=True,dropout_inner_layers=0.0049514,dropout_input_layers=0.92389,hidden_dim=512,learning_rate=0.00013934,monitor=mcc,num_layers=1,opt_step_size=10,shared_output_size=63,weight_decay=0.0021446",cnnlstm,0.00013934478157042967,256,True,1,512,mcc,63,10,0.0021445610665088138,0.923885704610504,0.004951409791498884,"['sleepEfficiency', 'awakening', 'totalSleepTime', 'combined']"
c63a2_00044,0.848027229309082,0.40980008244514465,0.6752232313156128,0.5560080409049988,9.333597660064697,True,,,37,ce79d0ae8edb417e9d4f1626ce1192bc,2021-10-12_22-20-27,1634066427,437.8974332809448,420006,crimv3srv040,10.141.0.34,437.8974332809448,0,37,"44_batch_size=32,bidirectional=True,dropout_inner_layers=0.26508,dropout_input_layers=0.6704,hidden_dim=1024,learning_rate=2.3063e-05,monitor=mcc,num_layers=1,opt_step_size=7,shared_output_size=37,weight_decay=0.002127",cnnlstm,2.3063173635854775e-05,32,True,1,1024,mcc,37,7,0.0021269840622197755,0.6703957769937778,0.26507878787325767,"['sleepEfficiency', 'awakening', 'totalSleepTime', 'combined']"
c63a2_00045,0.98206627368927,0.0,0.5029296875,0.21969932317733765,5.627548694610596,True,,,8,5ca94bded9c14b2086cda3262793db2c,2021-10-12_22-21-23,1634066483,50.33637547492981,454344,crimv3srv040,10.141.0.34,50.33637547492981,0,8,"45_batch_size=256,bidirectional=True,dropout_inner_layers=0.64606,dropout_input_layers=0.40905,hidden_dim=256,learning_rate=5.0508e-05,monitor=mcc,num_layers=2,opt_step_size=6,shared_output_size=37,weight_decay=1.459e-05",cnnlstm,5.0508350255336885e-05,256,True,2,256,mcc,37,6,1.4590363304061071e-05,0.4090455988146885,0.6460608775271973,"['sleepEfficiency', 'awakening', 'totalSleepTime', 'combined']"
c63a2_00046,0.9523615837097168,0.0,0.533203125,0.22948399186134338,5.857423782348633,True,,,6,303ef2079ff749f09439d3c2321ac0b1,2021-10-12_22-22-06,1634066526,40.92403030395508,3072,crimv3srv040,10.141.0.34,40.92403030395508,0,6,"46_batch_size=64,bidirectional=False,dropout_inner_layers=0.5717,dropout_input_layers=0.17077,hidden_dim=512,learning_rate=0.067761,monitor=mcc,num_layers=1,opt_step_size=13,shared_output_size=11,weight_decay=0.0028656",cnnlstm,0.06776143487596231,64,False,1,512,mcc,11,13,0.0028656072565524274,0.1707747156744942,0.5717028164940282,"['sleepEfficiency', 'awakening', 'totalSleepTime', 'combined']"
c63a2_00047,0.8313090205192566,0.2857157588005066,0.6057477593421936,0.45786476135253906,12.928011655807495,True,,,63,e1af24fa4c824df9b38bc82d551c8b45,2021-10-12_22-40-50,1634067650,1119.8443834781647,9094,crimv3srv040,10.141.0.34,1119.8443834781647,0,63,"47_batch_size=32,bidirectional=True,dropout_inner_layers=0.67627,dropout_input_layers=0.6963,hidden_dim=1024,learning_rate=7.6866e-06,monitor=loss,num_layers=2,opt_step_size=18,shared_output_size=102,weight_decay=2.3368e-05",cnnlstm,7.686586073844719e-06,32,True,2,1024,loss,102,18,2.3367683732400875e-05,0.6963047534987692,0.6762696430310008,"['sleepEfficiency', 'awakening', 'totalSleepTime', 'combined']"
c63a2_00048,1.093912959098816,0.0,0.2867838442325592,0.14518000185489655,5.520892858505249,True,,,6,04ee51aadb3c495cbd3513a17535248b,2021-10-12_22-41-35,1634067695,38.348564863204956,70913,crimv3srv040,10.141.0.34,38.348564863204956,0,6,"48_batch_size=256,bidirectional=True,dropout_inner_layers=0.98454,dropout_input_layers=0.12662,hidden_dim=32,learning_rate=6.0005e-05,monitor=mcc,num_layers=1,opt_step_size=13,shared_output_size=178,weight_decay=1.886e-05",cnnlstm,6.000539779451434e-05,256,True,1,32,mcc,178,13,1.885995130595579e-05,0.12662269376908342,0.9845444429347212,"['sleepEfficiency', 'awakening', 'totalSleepTime', 'combined']"
c63a2_00049,0.9862738847732544,0.41636866331100464,0.6780133843421936,0.6009625196456909,7.963669776916504,True,,,11,0a8e25b476574939abe509abfcd1e805,2021-10-12_22-43-15,1634067795,97.09732604026794,76648,crimv3srv040,10.141.0.34,97.09732604026794,0,11,"49_batch_size=32,bidirectional=True,dropout_inner_layers=0.55053,dropout_input_layers=0.67329,hidden_dim=512,learning_rate=0.0004366,monitor=mcc,num_layers=1,opt_step_size=14,shared_output_size=158,weight_decay=0.0014354",cnnlstm,0.0004366010390488632,32,True,1,512,mcc,158,14,0.0014353616607871863,0.6732887760038997,0.550533794836576,"['sleepEfficiency', 'awakening', 'totalSleepTime', 'combined']"
c63a2_00050,0.7422839403152466,0.37576720118522644,0.65234375,0.5256295204162598,5.539776802062988,True,,,38,368a7f5b58524987ac40c1e26724d0dd,2021-10-12_22-46-49,1634068009,209.88803005218506,86917,crimv3srv040,10.141.0.34,209.88803005218506,0,38,"50_batch_size=256,bidirectional=False,dropout_inner_layers=0.027411,dropout_input_layers=0.49396,hidden_dim=32,learning_rate=0.0025934,monitor=mcc,num_layers=2,opt_step_size=13,shared_output_size=242,weight_decay=0.00024749",cnnlstm,0.0025933738712556175,256,False,2,32,mcc,242,13,0.0002474880358119888,0.49395891092779654,0.02741126823211082,"['sleepEfficiency', 'awakening', 'totalSleepTime', 'combined']"
c63a2_00051,0.7846449613571167,0.32673272490501404,0.6240234375,0.5293978452682495,6.079201698303223,True,,,100,6a2577d6aec64aa0a095dc3241932206,2021-10-12_22-56-49,1634068609,596.4554054737091,119668,crimv3srv040,10.141.0.34,596.4554054737091,0,100,"51_batch_size=256,bidirectional=False,dropout_inner_layers=0.36931,dropout_input_layers=0.97866,hidden_dim=512,learning_rate=1.2336e-05,monitor=loss,num_layers=1,opt_step_size=3,shared_output_size=123,weight_decay=0.00094609",cnnlstm,1.233649227723364e-05,256,False,1,512,loss,123,3,0.0009460908935025298,0.9786624902443914,0.36931404186130623,"['sleepEfficiency', 'awakening', 'totalSleepTime', 'combined']"
c63a2_00052,0.8017303943634033,0.3522146940231323,0.6422991156578064,0.5353810787200928,5.252477645874023,True,,,11,4e897b377d544c0ea139388d0c9f1813,2021-10-12_22-58-00,1634068680,66.42350769042969,206014,crimv3srv040,10.141.0.34,66.42350769042969,0,11,"52_batch_size=128,bidirectional=True,dropout_inner_layers=0.54712,dropout_input_layers=0.15377,hidden_dim=32,learning_rate=0.0064856,monitor=loss,num_layers=1,opt_step_size=4,shared_output_size=231,weight_decay=1.1887e-05",cnnlstm,0.006485625954728437,128,True,1,32,loss,231,4,1.1886875156338782e-05,0.15376515852064476,0.5471169953961857,"['sleepEfficiency', 'awakening', 'totalSleepTime', 'combined']"
c63a2_00053,0.7677465081214905,0.36258894205093384,0.6431361436843872,0.49597248435020447,7.5049567222595215,True,,,11,aee5dc4b1e5b4b56990fa869d5ea7a6b,2021-10-12_22-59-33,1634068773,87.87164330482483,216200,crimv3srv040,10.141.0.34,87.87164330482483,0,11,"53_batch_size=32,bidirectional=True,dropout_inner_layers=0.43089,dropout_input_layers=0.82548,hidden_dim=128,learning_rate=0.0051183,monitor=mcc,num_layers=1,opt_step_size=6,shared_output_size=195,weight_decay=1.244e-05",cnnlstm,0.0051183389117928375,32,True,1,128,mcc,195,6,1.2440099360483514e-05,0.8254843456648079,0.43089333568816424,"['sleepEfficiency', 'awakening', 'totalSleepTime', 'combined']"
c63a2_00054,0.8859906792640686,0.25305190682411194,0.5387834906578064,0.35836660861968994,5.738917112350464,True,,,59,291e435db52e48a9bf80117f9716612c,2021-10-12_23-06-19,1634069179,401.609112739563,225970,crimv3srv040,10.141.0.34,401.609112739563,0,59,"54_batch_size=64,bidirectional=True,dropout_inner_layers=0.96296,dropout_input_layers=0.055429,hidden_dim=512,learning_rate=4.8006e-05,monitor=loss,num_layers=1,opt_step_size=13,shared_output_size=112,weight_decay=1.2415e-05",cnnlstm,4.800634479497581e-05,64,True,1,512,loss,112,13,1.2414893524908812e-05,0.055429001180543724,0.9629649249730624,"['sleepEfficiency', 'awakening', 'totalSleepTime', 'combined']"
c63a2_00055,0.7843899726867676,0.34331214427948,0.6356026530265808,0.4902055263519287,5.142406702041626,True,,,18,cc5707401e2c4f16970282877db81578,2021-10-12_23-08-08,1634069288,104.99105644226074,278061,crimv3srv040,10.141.0.34,104.99105644226074,0,18,"55_batch_size=128,bidirectional=True,dropout_inner_layers=0.49377,dropout_input_layers=0.54878,hidden_dim=128,learning_rate=0.017026,monitor=loss,num_layers=2,opt_step_size=10,shared_output_size=82,weight_decay=0.00022611",cnnlstm,0.017026399481347064,128,True,2,128,loss,82,10,0.00022610913782519196,0.5487761118947776,0.4937721254502919,"['sleepEfficiency', 'awakening', 'totalSleepTime', 'combined']"
c63a2_00056,0.95068359375,0.0,0.533203125,0.22948399186134338,5.334226369857788,True,,,6,4780b17e26184841a56ed5f8c57b15c3,2021-10-12_23-08-51,1634069331,38.178852558135986,294048,crimv3srv040,10.141.0.34,38.178852558135986,0,6,"56_batch_size=128,bidirectional=True,dropout_inner_layers=0.3558,dropout_input_layers=0.07001,hidden_dim=128,learning_rate=0.051872,monitor=mcc,num_layers=1,opt_step_size=16,shared_output_size=55,weight_decay=2.8528e-05",cnnlstm,0.051871838709735,128,True,1,128,mcc,55,16,2.8527705916091586e-05,0.07001029549182314,0.3558021053633742,"['sleepEfficiency', 'awakening', 'totalSleepTime', 'combined']"
c63a2_00057,0.9578327536582947,0.0,0.5266926884651184,0.22758005559444427,5.288545846939087,True,,,9,368a5251ad024b9095e0572dd0db78dd,2021-10-12_23-09-48,1634069388,54.35229730606079,299747,crimv3srv040,10.141.0.34,54.35229730606079,0,9,"57_batch_size=256,bidirectional=False,dropout_inner_layers=0.98559,dropout_input_layers=0.39975,hidden_dim=128,learning_rate=0.0068599,monitor=loss,num_layers=1,opt_step_size=5,shared_output_size=59,weight_decay=8.8082e-05",cnnlstm,0.00685992606299556,256,False,1,128,loss,59,5,8.808242083044853e-05,0.39974740348286353,0.9855888979566303,"['sleepEfficiency', 'awakening', 'totalSleepTime', 'combined']"
c63a2_00058,0.8363237977027893,0.31056803464889526,0.6121651530265808,0.4665069580078125,7.37160062789917,True,,,53,0c1d48040fd54a46b91a1e8245f3c032,2021-10-12_23-16-29,1634069789,396.09362268447876,307895,crimv3srv040,10.141.0.34,396.09362268447876,0,53,"58_batch_size=32,bidirectional=False,dropout_inner_layers=0.45305,dropout_input_layers=0.80265,hidden_dim=32,learning_rate=1.8528e-05,monitor=loss,num_layers=1,opt_step_size=14,shared_output_size=226,weight_decay=0.0010579",cnnlstm,1.8527782896527166e-05,32,False,1,32,loss,226,14,0.0010579072046404717,0.8026451078840786,0.4530546326179845,"['sleepEfficiency', 'awakening', 'totalSleepTime', 'combined']"
c63a2_00059,0.8881493210792542,0.348015159368515,0.62890625,0.561084508895874,5.332821369171143,True,,,13,bd84d292f5534c0789be4573491c3291,2021-10-12_23-17-50,1634069870,75.49357056617737,355260,crimv3srv040,10.141.0.34,75.49357056617737,0,13,"59_batch_size=256,bidirectional=False,dropout_inner_layers=0.054826,dropout_input_layers=0.58315,hidden_dim=64,learning_rate=0.00046998,monitor=loss,num_layers=1,opt_step_size=13,shared_output_size=113,weight_decay=0.00071123",cnnlstm,0.0004699821007132967,256,False,1,64,loss,113,13,0.0007112323392059804,0.5831529982331494,0.054826369818680054,"['sleepEfficiency', 'awakening', 'totalSleepTime', 'combined']"
c63a2_00060,0.880627453327179,0.0826219767332077,0.5524553656578064,0.28104522824287415,5.874119758605957,True,,,100,6cc077af9b31422d998e9c077e26c699,2021-10-12_23-27-10,1634070430,555.8638188838959,366592,crimv3srv040,10.141.0.34,555.8638188838959,0,100,"60_batch_size=128,bidirectional=True,dropout_inner_layers=0.65511,dropout_input_layers=0.16174,hidden_dim=32,learning_rate=6.6454e-06,monitor=loss,num_layers=1,opt_step_size=19,shared_output_size=153,weight_decay=1.5648e-05",cnnlstm,6.645351853689765e-06,128,True,1,32,loss,153,19,1.5647943771026686e-05,0.16174442855518356,0.655113314204341,"['sleepEfficiency', 'awakening', 'totalSleepTime', 'combined']"
c63a2_00061,0.9525904059410095,0.0,0.5080915093421936,0.2211930751800537,7.964855670928955,True,,,6,ae4b84212f6e42c99c813c70c52bb07e,2021-10-12_23-28-05,1634070485,51.02442455291748,453542,crimv3srv040,10.141.0.34,51.02442455291748,0,6,"61_batch_size=32,bidirectional=True,dropout_inner_layers=0.21864,dropout_input_layers=0.093765,hidden_dim=64,learning_rate=0.087684,monitor=mcc,num_layers=1,opt_step_size=18,shared_output_size=176,weight_decay=0.00022913",cnnlstm,0.0876844583365122,32,True,1,64,mcc,176,18,0.0002291311050927,0.09376458450026892,0.2186436554379988,"['sleepEfficiency', 'awakening', 'totalSleepTime', 'combined']"
c63a2_00062,0.8706956505775452,0.4263733923435211,0.6852678656578064,0.6128090620040894,5.462981462478638,True,,,12,13d17da28b9646babd99593704a355de,2021-10-12_23-29-22,1634070562,73.90079998970032,737,crimv3srv040,10.141.0.34,73.90079998970032,0,12,"62_batch_size=128,bidirectional=True,dropout_inner_layers=0.11607,dropout_input_layers=0.28639,hidden_dim=128,learning_rate=0.00044332,monitor=loss,num_layers=2,opt_step_size=10,shared_output_size=158,weight_decay=0.0013779",cnnlstm,0.0004433150297342739,128,True,2,128,loss,158,10,0.0013779369597587304,0.2863925264426952,0.11607183111321373,"['sleepEfficiency', 'awakening', 'totalSleepTime', 'combined']"
c63a2_00063,0.7516106367111206,0.3678993284702301,0.6548548936843872,0.5645140409469604,6.727196931838989,True,,,100,4ccd14d011004f69973ab25fac57342c,2021-10-12_23-40-22,1634071222,653.9225044250488,12255,crimv3srv040,10.141.0.34,653.9225044250488,0,100,"63_batch_size=128,bidirectional=True,dropout_inner_layers=0.067665,dropout_input_layers=0.9006,hidden_dim=512,learning_rate=8.6349e-06,monitor=loss,num_layers=1,opt_step_size=19,shared_output_size=44,weight_decay=0.0013452",cnnlstm,8.634915211912302e-06,128,True,1,512,loss,44,19,0.0013452448824388227,0.900598456897031,0.06766512178009565,"['sleepEfficiency', 'awakening', 'totalSleepTime', 'combined']"
c63a2_00064,0.8477976322174072,0.23664146661758423,0.5998883843421936,0.3752456307411194,7.509061813354492,True,,,82,329ba4314af140618916b0f39f509a44,2021-10-12_23-50-58,1634071858,631.1011574268341,99763,crimv3srv040,10.141.0.34,631.1011574268341,0,82,"64_batch_size=32,bidirectional=False,dropout_inner_layers=0.93826,dropout_input_layers=0.57964,hidden_dim=128,learning_rate=1.9335e-05,monitor=loss,num_layers=2,opt_step_size=9,shared_output_size=63,weight_decay=7.1968e-05",cnnlstm,1.9335468543726313e-05,32,False,2,128,loss,63,9,7.196838440658156e-05,0.5796435612746703,0.9382614131149742,"['sleepEfficiency', 'awakening', 'totalSleepTime', 'combined']"
c63a2_00065,1.1003873348236084,0.3593846261501312,0.6428571343421936,0.5320994853973389,5.478657245635986,True,,,15,5cab18ace80c40478aa2c939d8e807d5,2021-10-12_23-52-30,1634071950,88.24047017097473,173000,crimv3srv040,10.141.0.34,88.24047017097473,0,15,"65_batch_size=128,bidirectional=True,dropout_inner_layers=0.575,dropout_input_layers=0.74124,hidden_dim=32,learning_rate=0.00080989,monitor=mcc,num_layers=1,opt_step_size=5,shared_output_size=121,weight_decay=5.8381e-05",cnnlstm,0.0008098903079491654,128,True,1,32,mcc,121,5,5.8381024128679925e-05,0.7412358735256543,0.5749972787574523,"['sleepEfficiency', 'awakening', 'totalSleepTime', 'combined']"
c63a2_00066,1.0392926931381226,0.33363863825798035,0.623046875,0.5301991105079651,5.309710741043091,True,,,13,131fca4e806a46efb616fe45350912f7,2021-10-12_23-54-01,1634072041,86.85480046272278,186256,crimv3srv040,10.141.0.34,86.85480046272278,0,13,"66_batch_size=256,bidirectional=False,dropout_inner_layers=0.55445,dropout_input_layers=0.39979,hidden_dim=1024,learning_rate=0.00080287,monitor=loss,num_layers=1,opt_step_size=10,shared_output_size=121,weight_decay=0.0090804",cnnlstm,0.00080286546352309,256,False,1,1024,loss,121,10,0.009080442878885509,0.39979331974970633,0.5544502130919293,"['sleepEfficiency', 'awakening', 'totalSleepTime', 'combined']"
c63a2_00067,0.8240256309509277,0.40410590171813965,0.6735491156578064,0.582935631275177,5.6384828090667725,True,,,10,abc869c5f72844778f454660695e3cbe,2021-10-12_23-55-08,1634072108,62.204060792922974,197962,crimv3srv040,10.141.0.34,62.204060792922974,0,10,"67_batch_size=128,bidirectional=True,dropout_inner_layers=0.23138,dropout_input_layers=0.4352,hidden_dim=64,learning_rate=0.0017334,monitor=loss,num_layers=1,opt_step_size=7,shared_output_size=187,weight_decay=0.00030357",cnnlstm,0.0017334223067406983,128,True,1,64,loss,187,7,0.00030356874348737214,0.4352037055008746,0.23138313161411062,"['sleepEfficiency', 'awakening', 'totalSleepTime', 'combined']"
c63a2_00068,0.7111912965774536,0.40310168266296387,0.6741071343421936,0.5786184668540955,5.383620023727417,True,,,51,4b0702740a044d28a1e497e8d0804e19,2021-10-13_00-01-10,1634072470,357.7060627937317,207395,crimv3srv040,10.141.0.34,357.7060627937317,0,51,"68_batch_size=128,bidirectional=False,dropout_inner_layers=0.2464,dropout_input_layers=0.96707,hidden_dim=1024,learning_rate=0.00041311,monitor=loss,num_layers=2,opt_step_size=16,shared_output_size=54,weight_decay=0.0010784",cnnlstm,0.000413109580545904,128,False,2,1024,loss,54,16,0.0010783712647767893,0.9670712690233625,0.24639842770666254,"['sleepEfficiency', 'awakening', 'totalSleepTime', 'combined']"
c63a2_00069,0.8534339070320129,0.3990232050418854,0.6555989384651184,0.5762311816215515,5.447780132293701,True,,,11,54504fced064446286f12337a8441a6c,2021-10-13_00-02-30,1634072550,74.87849187850952,252205,crimv3srv040,10.141.0.34,74.87849187850952,0,11,"69_batch_size=256,bidirectional=False,dropout_inner_layers=0.50561,dropout_input_layers=0.23763,hidden_dim=1024,learning_rate=0.0031755,monitor=loss,num_layers=1,opt_step_size=15,shared_output_size=157,weight_decay=0.00033468",cnnlstm,0.003175499044710205,256,False,1,1024,loss,157,15,0.0003346753038910286,0.23762804706479823,0.5056115658517729,"['sleepEfficiency', 'awakening', 'totalSleepTime', 'combined']"
c63a2_00070,0.811095118522644,0.33545824885368347,0.63671875,0.48394763469696045,5.258898496627808,True,,,14,920dc154ab0547a68e7f7495f716a193,2021-10-13_00-03-59,1634072639,85.22810578346252,261894,crimv3srv040,10.141.0.34,85.22810578346252,0,14,"70_batch_size=128,bidirectional=False,dropout_inner_layers=0.11538,dropout_input_layers=0.52385,hidden_dim=512,learning_rate=0.026511,monitor=mcc,num_layers=1,opt_step_size=16,shared_output_size=137,weight_decay=4.8527e-05",cnnlstm,0.026511167611190423,128,False,1,512,mcc,137,16,4.852694496288431e-05,0.5238458797463513,0.11538132861819328,"['sleepEfficiency', 'awakening', 'totalSleepTime', 'combined']"
c63a2_00071,1.1401938199996948,0.0,0.2142857164144516,0.11127737164497375,5.530087471008301,True,,,6,eb7337e1f6a24ab89d82d4a6574ac314,2021-10-13_00-04-43,1634072683,40.27223253250122,274408,crimv3srv040,10.141.0.34,40.27223253250122,0,6,"71_batch_size=64,bidirectional=False,dropout_inner_layers=0.40307,dropout_input_layers=0.046524,hidden_dim=32,learning_rate=2.825e-06,monitor=mcc,num_layers=2,opt_step_size=11,shared_output_size=125,weight_decay=0.008055",cnnlstm,2.8249559306556332e-06,64,False,2,32,mcc,125,11,0.008055016336652615,0.04652401494244707,0.403066535366588,"['sleepEfficiency', 'awakening', 'totalSleepTime', 'combined']"
c63a2_00072,0.9512344002723694,0.0,0.533203125,0.22948399186134338,6.1271936893463135,True,,,13,5a7cdc88e74549faaf6be39ead4f948a,2021-10-13_00-06-13,1634072773,87.17183828353882,280387,crimv3srv040,10.141.0.34,87.17183828353882,0,13,"72_batch_size=64,bidirectional=True,dropout_inner_layers=0.98427,dropout_input_layers=0.85601,hidden_dim=256,learning_rate=0.020567,monitor=loss,num_layers=2,opt_step_size=15,shared_output_size=60,weight_decay=0.0066301",cnnlstm,0.020567216367069412,64,True,2,256,loss,60,15,0.0066300948223445315,0.8560058323553387,0.9842661714092562,"['sleepEfficiency', 'awakening', 'totalSleepTime', 'combined']"
c63a2_00073,1.0940937995910645,0.0,0.396484375,0.17953211069107056,5.666099786758423,True,,,6,30d6326ecb4a4b1fbdd47da8c2297666,2021-10-13_00-06-56,1634072816,38.5370352268219,292213,crimv3srv040,10.141.0.34,38.5370352268219,0,6,"73_batch_size=128,bidirectional=False,dropout_inner_layers=0.2233,dropout_input_layers=0.49338,hidden_dim=32,learning_rate=8.9817e-06,monitor=mcc,num_layers=2,opt_step_size=11,shared_output_size=250,weight_decay=0.00011537",cnnlstm,8.98173399489656e-06,128,False,2,32,mcc,250,11,0.00011536918186906417,0.493381022044142,0.22329961530290654,"['sleepEfficiency', 'awakening', 'totalSleepTime', 'combined']"
c63a2_00074,0.7749905586242676,0.33801501989364624,0.6436942219734192,0.47030553221702576,7.625053644180298,True,,,14,815131dc62be499184e3770890343537,2021-10-13_00-08-54,1634072934,115.19121050834656,297801,crimv3srv040,10.141.0.34,115.19121050834656,0,14,"74_batch_size=32,bidirectional=True,dropout_inner_layers=0.19808,dropout_input_layers=0.72643,hidden_dim=64,learning_rate=0.0080041,monitor=mcc,num_layers=2,opt_step_size=5,shared_output_size=143,weight_decay=4.6544e-05",cnnlstm,0.008004118661988439,32,True,2,64,mcc,143,5,4.6543713941381754e-05,0.7264333370015471,0.19808269630964026,"['sleepEfficiency', 'awakening', 'totalSleepTime', 'combined']"
c63a2_00075,0.7150223851203918,0.4028400182723999,0.6755022406578064,0.5749014616012573,7.439799547195435,True,,,25,eac6d37902214214b47a10a47027802f,2021-10-13_00-12-13,1634073133,194.8116331100464,310572,crimv3srv040,10.141.0.34,194.8116331100464,0,25,"75_batch_size=32,bidirectional=False,dropout_inner_layers=0.10489,dropout_input_layers=0.73472,hidden_dim=128,learning_rate=0.0018608,monitor=mcc,num_layers=2,opt_step_size=12,shared_output_size=136,weight_decay=0.0010286",cnnlstm,0.0018608410306630286,32,False,2,128,mcc,136,12,0.0010286400520218497,0.7347163075645746,0.104886998237806,"['sleepEfficiency', 'awakening', 'totalSleepTime', 'combined']"
c63a2_00076,1.0690851211547852,0.0,0.4036458432674408,0.18797926604747772,5.683226823806763,True,,,6,45a5b2920eeb46c4a17fc97b968684fe,2021-10-13_00-12-57,1634073177,39.41053080558777,333204,crimv3srv040,10.141.0.34,39.41053080558777,0,6,"76_batch_size=256,bidirectional=True,dropout_inner_layers=0.71624,dropout_input_layers=0.93268,hidden_dim=32,learning_rate=2.0234e-05,monitor=mcc,num_layers=1,opt_step_size=5,shared_output_size=90,weight_decay=4.0113e-05",cnnlstm,2.0234156375447313e-05,256,True,1,32,mcc,90,5,4.0113007580054016e-05,0.9326830038944455,0.71624463013374,"['sleepEfficiency', 'awakening', 'totalSleepTime', 'combined']"
c63a2_00077,0.8339064121246338,0.21753031015396118,0.5828682780265808,0.3748682737350464,7.93546986579895,True,,,100,ca64a62a56e342f4997e8891fc3f099d,2021-10-13_00-28-07,1634074087,907.9537816047668,339065,crimv3srv040,10.141.0.34,907.9537816047668,0,100,"77_batch_size=32,bidirectional=False,dropout_inner_layers=0.61965,dropout_input_layers=0.40482,hidden_dim=1024,learning_rate=3.2023e-06,monitor=loss,num_layers=1,opt_step_size=11,shared_output_size=153,weight_decay=7.3217e-05",cnnlstm,3.202259217787106e-06,32,False,1,1024,loss,153,11,7.321726020295997e-05,0.4048195760213684,0.6196533904838568,"['sleepEfficiency', 'awakening', 'totalSleepTime', 'combined']"
c63a2_00078,1.0114083290100098,0.41138431429862976,0.6665736436843872,0.5864189267158508,8.294087886810303,True,,,17,47dffa36bd5e4c4d9be7f70b4e5c9788,2021-10-13_00-30-42,1634074242,147.30826687812805,428726,crimv3srv040,10.141.0.34,147.30826687812805,0,17,"78_batch_size=32,bidirectional=True,dropout_inner_layers=0.52135,dropout_input_layers=0.38706,hidden_dim=256,learning_rate=0.00029767,monitor=mcc,num_layers=2,opt_step_size=11,shared_output_size=246,weight_decay=0.0066498",cnnlstm,0.00029767017699083447,32,True,2,256,mcc,246,11,0.006649832062372949,0.38705984954504336,0.5213496175468412,"['sleepEfficiency', 'awakening', 'totalSleepTime', 'combined']"
c63a2_00079,0.8136023879051208,0.3225107491016388,0.6199776530265808,0.48630601167678833,7.915944337844849,True,,,86,51b103c811f1497eb8b500c6198014fb,2021-10-13_00-41-57,1634074917,670.8569293022156,444399,crimv3srv040,10.141.0.34,670.8569293022156,0,86,"79_batch_size=32,bidirectional=True,dropout_inner_layers=0.6773,dropout_input_layers=0.099943,hidden_dim=128,learning_rate=9.2485e-06,monitor=loss,num_layers=1,opt_step_size=19,shared_output_size=129,weight_decay=0.00036492",cnnlstm,9.248540076272341e-06,32,True,1,128,loss,129,19,0.0003649170296841246,0.09994341164925002,0.6773036982957482,"['sleepEfficiency', 'awakening', 'totalSleepTime', 'combined']"
c63a2_00080,1.1673439741134644,0.0,0.1604352742433548,0.08864123374223709,5.581639051437378,True,,,6,61e2412f0c6e4c01974b7d898c65e68f,2021-10-13_00-42-40,1634074960,38.19092845916748,63060,crimv3srv040,10.141.0.34,38.19092845916748,0,6,"80_batch_size=128,bidirectional=False,dropout_inner_layers=0.4273,dropout_input_layers=0.69444,hidden_dim=32,learning_rate=1.4551e-05,monitor=mcc,num_layers=2,opt_step_size=6,shared_output_size=216,weight_decay=0.0027951",cnnlstm,1.4551143510367737e-05,128,False,2,32,mcc,216,6,0.0027951301770182237,0.6944426563265474,0.42730332342146393,"['sleepEfficiency', 'awakening', 'totalSleepTime', 'combined']"
c63a2_00081,0.8261512517929077,0.33849430084228516,0.6201171875,0.5440295934677124,5.499561071395874,True,,,13,fc232a9ccb074f649d99243ae74c174d,2021-10-13_00-44-00,1634075040,77.62195467948914,68596,crimv3srv040,10.141.0.34,77.62195467948914,0,13,"81_batch_size=256,bidirectional=True,dropout_inner_layers=0.43313,dropout_input_layers=0.0065337,hidden_dim=32,learning_rate=0.002565,monitor=loss,num_layers=1,opt_step_size=19,shared_output_size=97,weight_decay=0.0059606",cnnlstm,0.002564985798535033,256,True,1,32,loss,97,19,0.005960630828716341,0.006533686932392091,0.43312893394016794,"['sleepEfficiency', 'awakening', 'totalSleepTime', 'combined']"
c63a2_00082,1.0800923109054565,0.0,0.4327566921710968,0.19066260755062103,5.819824934005737,True,,,6,054fe14da0464866a0e0bf2bd9f4130a,2021-10-13_00-44-45,1634075085,39.62438893318176,80383,crimv3srv040,10.141.0.34,39.62438893318176,0,6,"82_batch_size=64,bidirectional=True,dropout_inner_layers=0.2725,dropout_input_layers=0.20091,hidden_dim=32,learning_rate=1.0784e-06,monitor=mcc,num_layers=1,opt_step_size=1,shared_output_size=38,weight_decay=0.0016139",cnnlstm,1.0784313469529522e-06,64,True,1,32,mcc,38,1,0.0016139054520438465,0.200905043433658,0.27250120742073536,"['sleepEfficiency', 'awakening', 'totalSleepTime', 'combined']"
c63a2_00083,0.9543824195861816,0.0,0.533203125,0.22948399186134338,7.543132781982422,True,,,6,4bc3be1d716f42cd94af6783190f0bb9,2021-10-13_00-45-39,1634075139,52.07584881782532,85860,crimv3srv040,10.141.0.34,52.07584881782532,0,6,"83_batch_size=32,bidirectional=False,dropout_inner_layers=0.12982,dropout_input_layers=0.55298,hidden_dim=512,learning_rate=0.036154,monitor=mcc,num_layers=2,opt_step_size=10,shared_output_size=73,weight_decay=0.0001166",cnnlstm,0.03615425490861013,32,False,2,512,mcc,73,10,0.00011659729948247092,0.5529794749211446,0.12981856461969576,"['sleepEfficiency', 'awakening', 'totalSleepTime', 'combined']"
c63a2_00084,0.8673135638237,0.43962761759757996,0.6793619990348816,0.6187748908996582,5.481877565383911,True,,,10,cd9e0a2a0aa44737bafd58b6390a34ea,2021-10-13_00-46-50,1634075210,65.61896991729736,91960,crimv3srv040,10.141.0.34,65.61896991729736,0,10,"84_batch_size=256,bidirectional=True,dropout_inner_layers=0.40833,dropout_input_layers=0.83171,hidden_dim=512,learning_rate=0.00092416,monitor=loss,num_layers=1,opt_step_size=2,shared_output_size=40,weight_decay=0.00058713",cnnlstm,0.0009241628155288256,256,True,1,512,loss,40,2,0.0005871288360283418,0.8317084939319221,0.4083328175154486,"['sleepEfficiency', 'awakening', 'totalSleepTime', 'combined']"
c63a2_00085,1.0598567724227905,0.05480411648750305,0.537109375,0.24523256719112396,7.487369775772095,True,,,100,707e8d00464345d0836f5f3c09bab483,2021-10-13_00-59-20,1634075960,745.55095911026,100653,crimv3srv040,10.141.0.34,745.55095911026,0,100,"85_batch_size=128,bidirectional=True,dropout_inner_layers=0.94829,dropout_input_layers=0.61452,hidden_dim=512,learning_rate=1.9367e-06,monitor=loss,num_layers=2,opt_step_size=2,shared_output_size=124,weight_decay=0.00050433",cnnlstm,1.93667780773698e-06,128,True,2,512,loss,124,2,0.0005043346155225468,0.61452489795885,0.9482910681305264,"['sleepEfficiency', 'awakening', 'totalSleepTime', 'combined']"
c63a2_00086,0.9522665143013,0.0,0.533203125,0.22948399186134338,5.9068286418914795,True,,,12,e31b4df9166d4363abe8d36eebe35690,2021-10-13_01-00-51,1634076051,83.74670958518982,188947,crimv3srv040,10.141.0.34,83.74670958518982,0,12,"86_batch_size=64,bidirectional=True,dropout_inner_layers=0.52368,dropout_input_layers=0.82071,hidden_dim=512,learning_rate=0.030778,monitor=loss,num_layers=1,opt_step_size=8,shared_output_size=186,weight_decay=2.2005e-05",cnnlstm,0.030777566173709296,64,True,1,512,loss,186,8,2.2005386798611515e-05,0.8207077532989019,0.5236817393354374,"['sleepEfficiency', 'awakening', 'totalSleepTime', 'combined']"
c63a2_00087,0.9529154896736145,0.0,0.533203125,0.22948399186134338,5.525101184844971,True,,,6,470b0f6adfdc40cb83f49ccf25438e07,2021-10-13_01-01-35,1634076095,38.28664302825928,200136,crimv3srv040,10.141.0.34,38.28664302825928,0,6,"87_batch_size=128,bidirectional=False,dropout_inner_layers=0.56275,dropout_input_layers=0.74311,hidden_dim=128,learning_rate=0.06716,monitor=loss,num_layers=1,opt_step_size=19,shared_output_size=176,weight_decay=0.00011382",cnnlstm,0.06715973001703755,128,False,1,128,loss,176,19,0.00011382289967314128,0.7431063070789672,0.5627541924244227,"['sleepEfficiency', 'awakening', 'totalSleepTime', 'combined']"
c63a2_00088,0.8443699479103088,0.4097621738910675,0.6689453125,0.6004723906517029,5.322570323944092,True,,,22,52719b168ded497d936bf227b393ab1f,2021-10-13_01-03-42,1634076222,124.5200252532959,205551,crimv3srv040,10.141.0.34,124.5200252532959,0,22,"88_batch_size=256,bidirectional=False,dropout_inner_layers=0.045667,dropout_input_layers=0.20706,hidden_dim=64,learning_rate=0.012068,monitor=loss,num_layers=1,opt_step_size=14,shared_output_size=13,weight_decay=0.0022227",cnnlstm,0.012067713710041615,256,False,1,64,loss,13,14,0.002222716192265071,0.20706327429075044,0.04566749787537483,"['sleepEfficiency', 'awakening', 'totalSleepTime', 'combined']"
c63a2_00089,0.8639715313911438,0.049131572246551514,0.5485491156578064,0.26149633526802063,8.077399015426636,True,,,100,7ebe36d804aa4dbca00e4e0ce529e172,2021-10-13_01-17-08,1634077028,801.8168497085571,224946,crimv3srv040,10.141.0.34,801.8168497085571,0,100,"89_batch_size=32,bidirectional=True,dropout_inner_layers=0.36755,dropout_input_layers=0.34169,hidden_dim=64,learning_rate=3.3342e-06,monitor=loss,num_layers=2,opt_step_size=19,shared_output_size=183,weight_decay=0.0069896",cnnlstm,3.334191793471944e-06,32,True,2,64,loss,183,19,0.006989644871063898,0.34169352128608255,0.36754547169496776,"['sleepEfficiency', 'awakening', 'totalSleepTime', 'combined']"
c63a2_00090,1.036589503288269,0.3016650974750519,0.5951451063156128,0.47426071763038635,5.472294330596924,True,,,28,099943acd47d44de9c082e873e58eb73,2021-10-13_01-19-52,1634077192,159.25559759140015,313252,crimv3srv040,10.141.0.34,159.25559759140015,0,28,"90_batch_size=128,bidirectional=False,dropout_inner_layers=0.80268,dropout_input_layers=0.42932,hidden_dim=64,learning_rate=0.00024588,monitor=mcc,num_layers=1,opt_step_size=8,shared_output_size=91,weight_decay=1.1234e-05",cnnlstm,0.000245881896083182,128,False,1,64,mcc,91,8,1.1233891515461037e-05,0.429321000003581,0.8026759231474048,"['sleepEfficiency', 'awakening', 'totalSleepTime', 'combined']"
c63a2_00091,1.116414189338684,0.0,0.3798828125,0.17471517622470856,5.408421754837036,True,,,6,038061f6a96844b482219f05334e2c06,2021-10-13_01-20-35,1634077235,38.97714328765869,337739,crimv3srv040,10.141.0.34,38.97714328765869,0,6,"91_batch_size=256,bidirectional=True,dropout_inner_layers=0.72449,dropout_input_layers=0.04308,hidden_dim=128,learning_rate=5.5011e-06,monitor=mcc,num_layers=2,opt_step_size=18,shared_output_size=254,weight_decay=0.0001112",cnnlstm,5.501099385022428e-06,256,True,2,128,mcc,254,18,0.00011119566664148036,0.04307997646729245,0.724490971749108,"['sleepEfficiency', 'awakening', 'totalSleepTime', 'combined']"
c63a2_00092,0.8174946904182434,0.25975918769836426,0.6174665093421936,0.39326831698417664,5.841012954711914,True,,,14,70ca6cdcd24e4d76b5b2307cbfb6eca6,2021-10-13_01-22-07,1634077327,88.62099289894104,343553,crimv3srv040,10.141.0.34,88.62099289894104,0,14,"92_batch_size=64,bidirectional=False,dropout_inner_layers=0.27234,dropout_input_layers=0.59151,hidden_dim=256,learning_rate=0.019417,monitor=mcc,num_layers=2,opt_step_size=13,shared_output_size=17,weight_decay=2.8575e-05",cnnlstm,0.01941738721931226,64,False,2,256,mcc,17,13,2.8575093218792044e-05,0.5915118304152086,0.2723393437778714,"['sleepEfficiency', 'awakening', 'totalSleepTime', 'combined']"
c63a2_00093,0.9582008719444275,0.0,0.5266926884651184,0.22758005559444427,5.33460259437561,True,,,9,711d1893c6064be0a4e18d5e82662aa8,2021-10-13_01-23-14,1634077394,62.596622943878174,356303,crimv3srv040,10.141.0.34,62.596622943878174,0,9,"93_batch_size=256,bidirectional=True,dropout_inner_layers=0.81556,dropout_input_layers=0.017461,hidden_dim=512,learning_rate=0.026239,monitor=loss,num_layers=2,opt_step_size=4,shared_output_size=214,weight_decay=0.00033021",cnnlstm,0.026239170821416993,256,True,2,512,loss,214,4,0.00033020811039075255,0.017461048785403555,0.8155576359704224,"['sleepEfficiency', 'awakening', 'totalSleepTime', 'combined']"
c63a2_00094,0.845673143863678,0.15050742030143738,0.5931919813156128,0.36381834745407104,5.762394189834595,True,,,100,3f6ecaf7aac34d609af56d4940a203cc,2021-10-13_01-33-15,1634077995,596.775226354599,364414,crimv3srv040,10.141.0.34,596.775226354599,0,100,"94_batch_size=64,bidirectional=False,dropout_inner_layers=0.8417,dropout_input_layers=0.71534,hidden_dim=64,learning_rate=1.3475e-05,monitor=loss,num_layers=2,opt_step_size=6,shared_output_size=219,weight_decay=0.0087457",cnnlstm,1.3475456825549145e-05,64,False,2,64,loss,219,6,0.008745698615520292,0.715338697990151,0.8417037296137863,"['sleepEfficiency', 'awakening', 'totalSleepTime', 'combined']"
c63a2_00095,0.9740684628486633,0.054005738347768784,0.513671875,0.24996018409729004,6.4522786140441895,True,,,100,1c4dd3c5067c42c0b267aed7abeee27b,2021-10-13_01-43-43,1634078623,624.7493436336517,451648,crimv3srv040,10.141.0.34,624.7493436336517,0,100,"95_batch_size=256,bidirectional=False,dropout_inner_layers=0.16137,dropout_input_layers=0.91781,hidden_dim=512,learning_rate=4.3385e-06,monitor=loss,num_layers=2,opt_step_size=16,shared_output_size=186,weight_decay=0.00018365",cnnlstm,4.33850013123465e-06,256,False,2,512,loss,186,16,0.00018364659378267327,0.9178073577385357,0.1613732997268965,"['sleepEfficiency', 'awakening', 'totalSleepTime', 'combined']"
c63a2_00096,1.221552848815918,0.0,0.1604352742433548,0.08864123374223709,5.790497541427612,True,,,6,59edeb0204604fd3b15207133e6dcd90,2021-10-13_01-44-33,1634078673,44.258296728134155,80615,crimv3srv040,10.141.0.34,44.258296728134155,0,6,"96_batch_size=64,bidirectional=True,dropout_inner_layers=0.65682,dropout_input_layers=0.21202,hidden_dim=256,learning_rate=4.3212e-06,monitor=mcc,num_layers=2,opt_step_size=11,shared_output_size=82,weight_decay=0.0016112",cnnlstm,4.321204898502588e-06,64,True,2,256,mcc,82,11,0.0016112065478363583,0.2120236616037925,0.6568203223428953,"['sleepEfficiency', 'awakening', 'totalSleepTime', 'combined']"
c63a2_00097,0.8495429158210754,0.3009248673915863,0.619140625,0.4250066578388214,7.892884731292725,True,,,8,f86a9a7ee47f43ca9dd6b1b0c57f60f9,2021-10-13_01-45-42,1634078742,66.47332310676575,86437,crimv3srv040,10.141.0.34,66.47332310676575,0,8,"97_batch_size=32,bidirectional=False,dropout_inner_layers=0.78137,dropout_input_layers=0.83798,hidden_dim=128,learning_rate=0.002153,monitor=loss,num_layers=2,opt_step_size=8,shared_output_size=163,weight_decay=0.0032785",cnnlstm,0.0021529973277781794,32,False,2,128,loss,163,8,0.0032785432484238037,0.8379788198428415,0.7813728923195125,"['sleepEfficiency', 'awakening', 'totalSleepTime', 'combined']"
c63a2_00098,0.9531199932098389,0.0,0.533203125,0.22948399186134338,7.815359592437744,True,,,6,698f45c4d7154727bdf2326671065cea,2021-10-13_01-46-36,1634078796,50.22464919090271,94114,crimv3srv040,10.141.0.34,50.22464919090271,0,6,"98_batch_size=32,bidirectional=True,dropout_inner_layers=0.92848,dropout_input_layers=0.24063,hidden_dim=32,learning_rate=0.025852,monitor=mcc,num_layers=1,opt_step_size=14,shared_output_size=192,weight_decay=3.0631e-05",cnnlstm,0.025852019692847877,32,True,1,32,mcc,192,14,3.063134009317575e-05,0.24062503348093855,0.9284803885726929,"['sleepEfficiency', 'awakening', 'totalSleepTime', 'combined']"
c63a2_00099,0.9584630727767944,0.0,0.5266926884651184,0.22758005559444427,5.592669486999512,True,,,8,35745c9444de4900b7ba1e4d07e6960c,2021-10-13_01-47-34,1634078854,55.16056275367737,99718,crimv3srv040,10.141.0.34,55.16056275367737,0,8,"99_batch_size=256,bidirectional=False,dropout_inner_layers=0.58904,dropout_input_layers=0.0069052,hidden_dim=1024,learning_rate=0.072152,monitor=loss,num_layers=1,opt_step_size=14,shared_output_size=172,weight_decay=0.00071288",cnnlstm,0.07215195234641808,256,False,1,1024,loss,172,14,0.0007128828031048236,0.006905196308359396,0.5890362760301505,"['sleepEfficiency', 'awakening', 'totalSleepTime', 'combined']"
c63a2_00100,0.8035734295845032,0.37007367610931396,0.6450892686843872,0.5473672747612,8.659011363983154,True,,,18,079bee22d0364526a9d5742aacfa7957,2021-10-13_01-50-30,1634079030,172.26042985916138,107468,crimv3srv040,10.141.0.34,172.26042985916138,0,18,"100_batch_size=32,bidirectional=True,dropout_inner_layers=0.04355,dropout_input_layers=0.087269,hidden_dim=512,learning_rate=0.0093846,monitor=mcc,num_layers=2,opt_step_size=9,shared_output_size=143,weight_decay=0.0059117",cnnlstm,0.009384637910642632,32,True,2,512,mcc,143,9,0.00591168575000478,0.08726859659144937,0.04355006061854583,"['sleepEfficiency', 'awakening', 'totalSleepTime', 'combined']"
c63a2_00101,0.9510111212730408,0.0,0.533203125,0.22948399186134338,6.173992872238159,True,,,6,1fe7f7eb154c40c7a1d431262523573d,2021-10-13_01-51-21,1634079081,45.15931248664856,123728,crimv3srv040,10.141.0.34,45.15931248664856,0,6,"101_batch_size=64,bidirectional=True,dropout_inner_layers=0.99506,dropout_input_layers=0.0079135,hidden_dim=512,learning_rate=0.0077654,monitor=mcc,num_layers=2,opt_step_size=14,shared_output_size=40,weight_decay=3.2188e-05",cnnlstm,0.007765355493677935,64,True,2,512,mcc,40,14,3.218769004425639e-05,0.007913451506380564,0.9950610148642834,"['sleepEfficiency', 'awakening', 'totalSleepTime', 'combined']"
c63a2_00102,1.4314836263656616,0.3826523423194885,0.650390625,0.5726670026779175,5.649464845657349,True,,,18,8e64a5f0a2734ffb96d15bc3639c264a,2021-10-13_01-53-08,1634079188,104.41929173469543,129668,crimv3srv040,10.141.0.34,104.41929173469543,0,18,"102_batch_size=128,bidirectional=False,dropout_inner_layers=0.069898,dropout_input_layers=0.16984,hidden_dim=64,learning_rate=0.00059831,monitor=mcc,num_layers=1,opt_step_size=18,shared_output_size=83,weight_decay=8.8142e-05",cnnlstm,0.000598311666936378,128,False,1,64,mcc,83,18,8.814166515942912e-05,0.16983710135522823,0.0698976566840167,"['sleepEfficiency', 'awakening', 'totalSleepTime', 'combined']"
c63a2_00103,1.0713155269622803,-0.0023850789293646812,0.4358258843421936,0.19757553935050964,7.769768476486206,True,,,6,00470528224741e881a5bbcaaf1ad02b,2021-10-13_01-54-05,1634079245,53.2323215007782,145631,crimv3srv040,10.141.0.34,53.2323215007782,0,6,"103_batch_size=32,bidirectional=True,dropout_inner_layers=0.87954,dropout_input_layers=0.26465,hidden_dim=256,learning_rate=1.0315e-05,monitor=mcc,num_layers=2,opt_step_size=15,shared_output_size=43,weight_decay=0.00098516",cnnlstm,1.0314669758387424e-05,32,True,2,256,mcc,43,15,0.0009851565960215184,0.26465000332614685,0.8795371914476667,"['sleepEfficiency', 'awakening', 'totalSleepTime', 'combined']"
c63a2_00104,1.0330700874328613,-0.025794005021452904,0.4037388265132904,0.19128823280334473,5.828311204910278,True,,,100,5427f01318bb4c7cbac38fb25d574bd1,2021-10-13_02-03-38,1634079818,569.5146110057831,151271,crimv3srv040,10.141.0.34,569.5146110057831,0,100,"104_batch_size=128,bidirectional=True,dropout_inner_layers=0.14062,dropout_input_layers=0.31733,hidden_dim=64,learning_rate=2.2172e-06,monitor=loss,num_layers=2,opt_step_size=2,shared_output_size=155,weight_decay=0.00025488",cnnlstm,2.2172441417690107e-06,128,True,2,64,loss,155,2,0.0002548773538151708,0.3173334302550711,0.14062471911174268,"['sleepEfficiency', 'awakening', 'totalSleepTime', 'combined']"
c63a2_00105,0.8600302338600159,0.4251125454902649,0.677734375,0.6088277697563171,5.598652124404907,True,,,11,bf0be72987164eea85b2863a4feb1885,2021-10-13_02-04-56,1634079896,74.6695601940155,238270,crimv3srv040,10.141.0.34,74.6695601940155,0,11,"105_batch_size=128,bidirectional=False,dropout_inner_layers=0.46104,dropout_input_layers=0.8544,hidden_dim=1024,learning_rate=0.00095931,monitor=loss,num_layers=1,opt_step_size=16,shared_output_size=27,weight_decay=0.0011543",cnnlstm,0.0009593118722477079,128,False,1,1024,loss,27,16,0.001154257909279781,0.8544045114704039,0.4610360070031473,"['sleepEfficiency', 'awakening', 'totalSleepTime', 'combined']"
c63a2_00106,0.9594632983207703,0.0,0.5266926884651184,0.22758005559444427,5.80243706703186,True,,,6,0e2500df9d3942fe9912b186093162cb,2021-10-13_02-05-39,1634079939,38.823126554489136,248295,crimv3srv040,10.141.0.34,38.823126554489136,0,6,"106_batch_size=256,bidirectional=False,dropout_inner_layers=0.01493,dropout_input_layers=0.5991,hidden_dim=256,learning_rate=0.055462,monitor=mcc,num_layers=1,opt_step_size=17,shared_output_size=54,weight_decay=0.00043626",cnnlstm,0.05546244319234494,256,False,1,256,mcc,54,17,0.0004362648550407226,0.5991033931164969,0.014930330493676203,"['sleepEfficiency', 'awakening', 'totalSleepTime', 'combined']"
c63a2_00107,1.1050256490707397,0.0,0.2918526828289032,0.14604583382606506,5.492976903915405,True,,,6,6175042c18e04c90a6cb24d23e4f4f78,2021-10-13_02-06-21,1634079981,38.47482085227966,254141,crimv3srv040,10.141.0.34,38.47482085227966,0,6,"107_batch_size=128,bidirectional=True,dropout_inner_layers=0.83712,dropout_input_layers=0.8188,hidden_dim=64,learning_rate=5.4605e-06,monitor=mcc,num_layers=2,opt_step_size=15,shared_output_size=71,weight_decay=0.00020348",cnnlstm,5.460457524455693e-06,128,True,2,64,mcc,71,15,0.0002034789804801405,0.818803340143627,0.8371185555055574,"['sleepEfficiency', 'awakening', 'totalSleepTime', 'combined']"
c63a2_00108,0.9737630486488342,0.4451579749584198,0.6839192509651184,0.6209716200828552,5.3141255378723145,True,,,30,1b65e6b2edc948eba7073c467f41e576,2021-10-13_02-09-20,1634080160,174.8916380405426,259540,crimv3srv040,10.141.0.34,174.8916380405426,0,30,"108_batch_size=256,bidirectional=False,dropout_inner_layers=0.11092,dropout_input_layers=0.26263,hidden_dim=512,learning_rate=0.00018704,monitor=mcc,num_layers=1,opt_step_size=7,shared_output_size=151,weight_decay=1.2149e-05",cnnlstm,0.00018704481060077767,256,False,1,512,mcc,151,7,1.2149359713651557e-05,0.26263371683457026,0.11091507978199677,"['sleepEfficiency', 'awakening', 'totalSleepTime', 'combined']"
c63a2_00109,0.9525238275527954,0.0,0.533203125,0.22948399186134338,7.264803647994995,True,,,11,d78985b2205940139766d61644f146df,2021-10-13_02-10-51,1634080251,87.29743647575378,285640,crimv3srv040,10.141.0.34,87.29743647575378,0,11,"109_batch_size=32,bidirectional=False,dropout_inner_layers=0.59218,dropout_input_layers=0.18221,hidden_dim=64,learning_rate=0.021419,monitor=loss,num_layers=2,opt_step_size=11,shared_output_size=71,weight_decay=0.0021919",cnnlstm,0.021418663912749537,32,False,2,64,loss,71,11,0.002191910170386419,0.18221069190516292,0.5921839025126898,"['sleepEfficiency', 'awakening', 'totalSleepTime', 'combined']"
c63a2_00110,0.951775312423706,0.0,0.533203125,0.22948399186134338,7.797039270401001,True,,,6,7614d61072ce4e56b410148a6c276f96,2021-10-13_02-11-47,1634080307,51.42367100715637,295546,crimv3srv040,10.141.0.34,51.42367100715637,0,6,"110_batch_size=32,bidirectional=False,dropout_inner_layers=0.73575,dropout_input_layers=0.74943,hidden_dim=256,learning_rate=0.033547,monitor=mcc,num_layers=2,opt_step_size=19,shared_output_size=89,weight_decay=0.00014077",cnnlstm,0.03354712603066375,32,False,2,256,mcc,89,19,0.00014077054953490008,0.749433697097688,0.7357537690460696,"['sleepEfficiency', 'awakening', 'totalSleepTime', 'combined']"
c63a2_00111,0.8350096940994263,0.3469148874282837,0.6305338740348816,0.5514175295829773,6.021420478820801,True,,,37,1c17171c354e4a9aa5fcd9d3e7d63582,2021-10-13_02-17-36,1634080656,345.995867729187,301477,crimv3srv040,10.141.0.34,345.995867729187,0,37,"111_batch_size=256,bidirectional=True,dropout_inner_layers=0.45968,dropout_input_layers=0.34831,hidden_dim=1024,learning_rate=4.01e-05,monitor=mcc,num_layers=2,opt_step_size=4,shared_output_size=44,weight_decay=2.8165e-05",cnnlstm,4.0099594989633744e-05,256,True,2,1024,mcc,44,4,2.8164571722730746e-05,0.34831429738420927,0.4596784163502897,"['sleepEfficiency', 'awakening', 'totalSleepTime', 'combined']"
c63a2_00112,0.8289608359336853,0.3256416916847229,0.6227678656578064,0.47762030363082886,5.252004623413086,True,,,53,606aae8c672e480eb2f319bda4a7a4f9,2021-10-13_02-22-34,1634080954,292.5428659915924,334655,crimv3srv040,10.141.0.34,292.5428659915924,0,53,"112_batch_size=128,bidirectional=True,dropout_inner_layers=0.52363,dropout_input_layers=0.56723,hidden_dim=32,learning_rate=4.1542e-05,monitor=loss,num_layers=1,opt_step_size=4,shared_output_size=128,weight_decay=1.8145e-05",cnnlstm,4.15418616277374e-05,128,True,1,32,loss,128,4,1.814501554759679e-05,0.5672331056808546,0.5236330552949983,"['sleepEfficiency', 'awakening', 'totalSleepTime', 'combined']"
c63a2_00113,0.794529139995575,0.345509797334671,0.6266741156578064,0.4710121750831604,5.815140962600708,True,,,21,df2d9bd9904f4e77839fb8582f2ef38a,2021-10-13_02-24-45,1634081085,126.5440948009491,380794,crimv3srv040,10.141.0.34,126.5440948009491,0,21,"113_batch_size=128,bidirectional=False,dropout_inner_layers=0.74662,dropout_input_layers=0.32493,hidden_dim=512,learning_rate=0.011029,monitor=mcc,num_layers=2,opt_step_size=8,shared_output_size=242,weight_decay=0.00012902",cnnlstm,0.011028573662291895,128,False,2,512,mcc,242,8,0.0001290204893707173,0.3249343127899528,0.7466233979281627,"['sleepEfficiency', 'awakening', 'totalSleepTime', 'combined']"
c63a2_00114,0.9499470591545105,0.0,0.533203125,0.22948399186134338,5.387943267822266,True,,,8,211854e77f514854ad398de7700ab5f1,2021-10-13_02-25-40,1634081140,50.0225191116333,399461,crimv3srv040,10.141.0.34,50.0225191116333,0,8,"114_batch_size=128,bidirectional=False,dropout_inner_layers=0.77092,dropout_input_layers=0.26194,hidden_dim=256,learning_rate=0.021978,monitor=loss,num_layers=1,opt_step_size=16,shared_output_size=221,weight_decay=2.9991e-05",cnnlstm,0.021978451856089345,128,False,1,256,loss,221,16,2.999130052184794e-05,0.26194031577299703,0.770915150687811,"['sleepEfficiency', 'awakening', 'totalSleepTime', 'combined']"
c63a2_00115,1.075626015663147,0.0,0.4508463442325592,0.19791971147060394,5.39038610458374,True,,,6,f64a204bd467456887485786c927bc49,2021-10-13_02-26-23,1634081183,40.312979221343994,406793,crimv3srv040,10.141.0.34,40.312979221343994,0,6,"115_batch_size=256,bidirectional=True,dropout_inner_layers=0.73008,dropout_input_layers=0.53044,hidden_dim=512,learning_rate=1.4383e-05,monitor=mcc,num_layers=1,opt_step_size=1,shared_output_size=5,weight_decay=0.00029576",cnnlstm,1.438342496806583e-05,256,True,1,512,mcc,5,1,0.0002957638488684732,0.5304444760084379,0.7300829434842374,"['sleepEfficiency', 'awakening', 'totalSleepTime', 'combined']"
c63a2_00116,1.088388204574585,0.0,0.4557291567325592,0.2043755054473877,5.619230508804321,True,,,6,f2bc536c1f14402982d4a1254a8a202d,2021-10-13_02-27-05,1634081225,37.22353959083557,412573,crimv3srv040,10.141.0.34,37.22353959083557,0,6,"116_batch_size=256,bidirectional=False,dropout_inner_layers=0.96733,dropout_input_layers=0.42496,hidden_dim=64,learning_rate=1.9314e-06,monitor=mcc,num_layers=1,opt_step_size=8,shared_output_size=105,weight_decay=0.0039264",cnnlstm,1.9313983824302704e-06,256,False,1,64,mcc,105,8,0.003926424011030655,0.4249556623923264,0.9673315265182016,"['sleepEfficiency', 'awakening', 'totalSleepTime', 'combined']"
c63a2_00117,1.102697491645813,0.0,0.396484375,0.17953211069107056,6.572776556015015,True,,,6,a9b51ed0995b476692db7200f929231b,2021-10-13_02-27-58,1634081278,50.58628988265991,418023,crimv3srv040,10.141.0.34,50.58628988265991,0,6,"117_batch_size=64,bidirectional=True,dropout_inner_layers=0.89118,dropout_input_layers=0.74682,hidden_dim=1024,learning_rate=2.0931e-06,monitor=mcc,num_layers=1,opt_step_size=7,shared_output_size=126,weight_decay=0.0077135",cnnlstm,2.0931023135552544e-06,64,True,1,1024,mcc,126,7,0.007713460629837639,0.7468225934029865,0.8911830561123901,"['sleepEfficiency', 'awakening', 'totalSleepTime', 'combined']"
c63a2_00118,0.9594507813453674,0.0,0.51171875,0.22158966958522797,12.871503353118896,True,,,6,99a9d000a2554ab5bf5d176d8496723d,2021-10-13_02-29-33,1634081373,90.01937365531921,424010,crimv3srv040,10.141.0.34,90.01937365531921,0,6,"118_batch_size=32,bidirectional=True,dropout_inner_layers=0.57276,dropout_input_layers=0.89549,hidden_dim=1024,learning_rate=0.096814,monitor=mcc,num_layers=2,opt_step_size=10,shared_output_size=16,weight_decay=1.0228e-05",cnnlstm,0.09681399181949714,32,True,2,1024,mcc,16,10,1.0228052962024324e-05,0.8954944642917544,0.5727620609028856,"['sleepEfficiency', 'awakening', 'totalSleepTime', 'combined']"
c63a2_00119,0.9590475559234619,0.0,0.5266926884651184,0.22758005559444427,5.1710803508758545,True,,,6,113f430a27f14249a517bc0e4d294efa,2021-10-13_02-30-18,1634081418,39.451902627944946,430192,crimv3srv040,10.141.0.34,39.451902627944946,0,6,"119_batch_size=256,bidirectional=True,dropout_inner_layers=0.26862,dropout_input_layers=0.73468,hidden_dim=512,learning_rate=0.010825,monitor=mcc,num_layers=1,opt_step_size=2,shared_output_size=160,weight_decay=9.6089e-05",cnnlstm,0.010824934121869514,256,True,1,512,mcc,160,2,9.608851382477845e-05,0.734683839443117,0.2686213373555808,"['sleepEfficiency', 'awakening', 'totalSleepTime', 'combined']"
c63a2_00120,0.8079745769500732,0.4271087348461151,0.6774088740348816,0.5982645750045776,5.319596767425537,True,,,13,dbaffe91cb124915b71313fb7ecbff1e,2021-10-13_02-31-37,1634081497,76.0596432685852,435644,crimv3srv040,10.141.0.34,76.0596432685852,0,13,"120_batch_size=256,bidirectional=False,dropout_inner_layers=0.51583,dropout_input_layers=0.59291,hidden_dim=128,learning_rate=0.00063596,monitor=loss,num_layers=1,opt_step_size=2,shared_output_size=240,weight_decay=0.0031868",cnnlstm,0.0006359566631558982,256,False,1,128,loss,240,2,0.0031867730007959258,0.5929119873311093,0.5158345627597962,"['sleepEfficiency', 'awakening', 'totalSleepTime', 'combined']"
c63a2_00121,0.9524135589599609,0.1478525698184967,0.4606584906578064,0.29117661714553833,5.404066324234009,True,,,26,70e0db2a367c44e9b16bd20cf50b6483,2021-10-13_02-34-11,1634081651,149.23404121398926,447377,crimv3srv040,10.141.0.34,149.23404121398926,0,26,"121_batch_size=128,bidirectional=True,dropout_inner_layers=0.93291,dropout_input_layers=0.80074,hidden_dim=64,learning_rate=0.00011428,monitor=loss,num_layers=1,opt_step_size=4,shared_output_size=254,weight_decay=6.3578e-05",cnnlstm,0.00011427512388424807,128,True,1,64,loss,254,4,6.357756941305197e-05,0.800738633115825,0.9329069312668441,"['sleepEfficiency', 'awakening', 'totalSleepTime', 'combined']"
c63a2_00122,1.0783138275146484,0.0,0.484375,0.2128501981496811,5.790957450866699,True,,,6,31b43da6643d43449a47da7f2547acd3,2021-10-13_02-34-56,1634081696,40.32341480255127,12321,crimv3srv040,10.141.0.34,40.32341480255127,0,6,"122_batch_size=256,bidirectional=False,dropout_inner_layers=0.49343,dropout_input_layers=0.84547,hidden_dim=1024,learning_rate=1.1482e-06,monitor=mcc,num_layers=1,opt_step_size=13,shared_output_size=87,weight_decay=0.0061944",cnnlstm,1.1481932067953648e-06,256,False,1,1024,mcc,87,13,0.00619443809658721,0.8454699083617317,0.49342586930074506,"['sleepEfficiency', 'awakening', 'totalSleepTime', 'combined']"
c63a2_00123,0.9570236802101135,0.0,0.533203125,0.22948399186134338,8.359687328338623,True,,,8,093fa27c81be495f8fad304aa9c609e9,2021-10-13_02-36-08,1634081768,69.33211541175842,18277,crimv3srv040,10.141.0.34,69.33211541175842,0,8,"123_batch_size=32,bidirectional=True,dropout_inner_layers=0.92846,dropout_input_layers=0.88122,hidden_dim=64,learning_rate=0.051071,monitor=loss,num_layers=2,opt_step_size=19,shared_output_size=220,weight_decay=0.0034769",cnnlstm,0.05107081795882928,32,True,2,64,loss,220,19,0.0034768843322131576,0.8812237034488766,0.928459465345327,"['sleepEfficiency', 'awakening', 'totalSleepTime', 'combined']"
c63a2_00124,1.054985523223877,0.0,0.51171875,0.22158966958522797,5.311410427093506,True,,,6,eacd12d2205d460f857c0f780c087fb5,2021-10-13_02-36-51,1634081811,38.85639715194702,25735,crimv3srv040,10.141.0.34,38.85639715194702,0,6,"124_batch_size=128,bidirectional=False,dropout_inner_layers=0.20271,dropout_input_layers=0.16114,hidden_dim=256,learning_rate=8.8893e-06,monitor=mcc,num_layers=1,opt_step_size=15,shared_output_size=187,weight_decay=0.00065603",cnnlstm,8.889315585861055e-06,128,False,1,256,mcc,187,15,0.0006560323370482919,0.16114303728987434,0.2027100399993086,"['sleepEfficiency', 'awakening', 'totalSleepTime', 'combined']"
c63a2_00125,0.7519856095314026,0.4226555824279785,0.6648995280265808,0.5724191665649414,5.658438205718994,True,,,11,ebbfdde36e204b6fa5f0fb37da167abd,2021-10-13_02-38-13,1634081893,79.15746068954468,31531,crimv3srv040,10.141.0.34,79.15746068954468,0,11,"125_batch_size=64,bidirectional=False,dropout_inner_layers=0.17465,dropout_input_layers=0.85512,hidden_dim=1024,learning_rate=0.00010911,monitor=loss,num_layers=1,opt_step_size=15,shared_output_size=194,weight_decay=0.0069666",cnnlstm,0.00010911247093397401,64,False,1,1024,loss,194,15,0.006966594905679602,0.8551220792766931,0.1746529987226083,"['sleepEfficiency', 'awakening', 'totalSleepTime', 'combined']"
c63a2_00126,1.2721489667892456,0.4274842143058777,0.669921875,0.6081626415252686,5.7488322257995605,True,,,12,879f4ace7a9d4b5abfff01c9fb33c006,2021-10-13_02-39-33,1634081973,76.12530088424683,41672,crimv3srv040,10.141.0.34,76.12530088424683,0,12,"126_batch_size=64,bidirectional=True,dropout_inner_layers=0.080722,dropout_input_layers=0.86599,hidden_dim=256,learning_rate=0.00034793,monitor=mcc,num_layers=1,opt_step_size=12,shared_output_size=206,weight_decay=0.00024616",cnnlstm,0.00034792983014724844,64,True,1,256,mcc,206,12,0.0002461552238741934,0.8659941680240023,0.08072247421294543,"['sleepEfficiency', 'awakening', 'totalSleepTime', 'combined']"
c63a2_00127,0.7981244325637817,0.43007537722587585,0.6728515625,0.6120765209197998,5.280714511871338,True,,,10,40d6a5f75e4f4214a7c01ead20c2452f,2021-10-13_02-40-37,1634082037,60.151949644088745,52321,crimv3srv040,10.141.0.34,60.151949644088745,0,10,"127_batch_size=256,bidirectional=False,dropout_inner_layers=0.052929,dropout_input_layers=0.19796,hidden_dim=128,learning_rate=0.0031286,monitor=loss,num_layers=1,opt_step_size=12,shared_output_size=154,weight_decay=3.2608e-05",cnnlstm,0.0031285686177071207,256,False,1,128,loss,154,12,3.260832748431503e-05,0.1979560063127791,0.05292882096295748,"['sleepEfficiency', 'awakening', 'totalSleepTime', 'combined']"
c63a2_00128,1.449818730354309,0.4159170985221863,0.6612723469734192,0.6144567131996155,7.86202335357666,True,,,22,294b958a44434748bb80591b318219cc,2021-10-13_02-43-58,1634082238,196.00512766838074,61481,crimv3srv040,10.141.0.34,196.00512766838074,0,22,"128_batch_size=32,bidirectional=False,dropout_inner_layers=0.63396,dropout_input_layers=0.16384,hidden_dim=1024,learning_rate=0.00015829,monitor=mcc,num_layers=1,opt_step_size=16,shared_output_size=226,weight_decay=0.00021972",cnnlstm,0.00015829482447089066,32,False,1,1024,mcc,226,16,0.00021971969818265216,0.1638385381439963,0.6339552176495405,"['sleepEfficiency', 'awakening', 'totalSleepTime', 'combined']"
c63a2_00129,0.9512661099433899,0.0,0.533203125,0.22948399186134338,7.273092269897461,True,,,6,632e0deb089a4e9a806662fcc9b39275,2021-10-13_02-44-53,1634082293,50.22058916091919,81522,crimv3srv040,10.141.0.34,50.22058916091919,0,6,"129_batch_size=32,bidirectional=True,dropout_inner_layers=0.93824,dropout_input_layers=0.50342,hidden_dim=32,learning_rate=0.018464,monitor=mcc,num_layers=1,opt_step_size=16,shared_output_size=227,weight_decay=5.1511e-05",cnnlstm,0.018463514592929765,32,True,1,32,mcc,227,16,5.151128212829719e-05,0.5034169058565452,0.9382367675848097,"['sleepEfficiency', 'awakening', 'totalSleepTime', 'combined']"
c63a2_00130,1.0869866609573364,0.421200692653656,0.66796875,0.6128217577934265,12.84620189666748,True,,,20,80be5c2139f047d08effcc93aa3c9d79,2021-10-13_02-50-21,1634082621,325.7416903972626,87117,crimv3srv040,10.141.0.34,325.7416903972626,0,20,"130_batch_size=32,bidirectional=True,dropout_inner_layers=0.39248,dropout_input_layers=0.32397,hidden_dim=1024,learning_rate=0.00010845,monitor=mcc,num_layers=2,opt_step_size=12,shared_output_size=112,weight_decay=7.7949e-05",cnnlstm,0.00010845109653882871,32,True,2,1024,mcc,112,12,7.794905057601998e-05,0.3239714733189696,0.3924753005043383,"['sleepEfficiency', 'awakening', 'totalSleepTime', 'combined']"
c63a2_00131,0.7656431794166565,0.36159074306488037,0.6470423936843872,0.5476611256599426,5.668231964111328,True,,,74,8a3e3e88a8254897bb3f6c524c867561,2021-10-13_02-57-29,1634083049,423.46129179000854,106431,crimv3srv040,10.141.0.34,423.46129179000854,0,74,"131_batch_size=128,bidirectional=False,dropout_inner_layers=0.47492,dropout_input_layers=0.92194,hidden_dim=256,learning_rate=1.9055e-05,monitor=loss,num_layers=1,opt_step_size=15,shared_output_size=144,weight_decay=1.2685e-05",cnnlstm,1.9054739467109945e-05,128,False,1,256,loss,144,15,1.2684961138723542e-05,0.9219410015261122,0.4749166869948578,"['sleepEfficiency', 'awakening', 'totalSleepTime', 'combined']"
c63a2_00132,0.9157777428627014,0.4375026226043701,0.681640625,0.6263195276260376,5.634275913238525,True,,,14,3620d4c680c14df7a5dbd8e65d4d55e2,2021-10-13_02-59-07,1634083147,92.36161351203918,171096,crimv3srv040,10.141.0.34,92.36161351203918,0,14,"132_batch_size=128,bidirectional=True,dropout_inner_layers=0.066195,dropout_input_layers=0.22782,hidden_dim=512,learning_rate=0.00021723,monitor=loss,num_layers=1,opt_step_size=16,shared_output_size=44,weight_decay=8.5932e-05",cnnlstm,0.00021723356257830057,128,True,1,512,loss,44,16,8.593241018375835e-05,0.227819917219809,0.06619486539749153,"['sleepEfficiency', 'awakening', 'totalSleepTime', 'combined']"
c63a2_00133,0.7820112705230713,0.39222487807273865,0.6572265625,0.5800420641899109,5.3851158618927,True,,,13,c302fe45585245309b98937705a89758,2021-10-13_03-00-28,1634083228,76.17954134941101,183777,crimv3srv040,10.141.0.34,76.17954134941101,0,13,"133_batch_size=256,bidirectional=False,dropout_inner_layers=0.37485,dropout_input_layers=0.097708,hidden_dim=128,learning_rate=0.0033246,monitor=loss,num_layers=2,opt_step_size=19,shared_output_size=9,weight_decay=5.3546e-05",cnnlstm,0.003324643159576912,256,False,2,128,loss,9,19,5.354602680037285e-05,0.09770808579644696,0.37485444999099027,"['sleepEfficiency', 'awakening', 'totalSleepTime', 'combined']"
c63a2_00134,0.7962989807128906,0.4033913314342499,0.6578776240348816,0.5939206480979919,5.671412944793701,True,,,29,e654d756844a42e9bc3a54133334f640,2021-10-13_03-03-14,1634083394,162.34737277030945,195243,crimv3srv040,10.141.0.34,162.34737277030945,0,29,"134_batch_size=256,bidirectional=False,dropout_inner_layers=0.35045,dropout_input_layers=0.30779,hidden_dim=128,learning_rate=0.0020267,monitor=mcc,num_layers=2,opt_step_size=13,shared_output_size=210,weight_decay=3.8211e-05",cnnlstm,0.002026662706727081,256,False,2,128,mcc,210,13,3.8211446825174344e-05,0.30779079673740795,0.3504509137489388,"['sleepEfficiency', 'awakening', 'totalSleepTime', 'combined']"
c63a2_00135,0.8090002536773682,0.39333462715148926,0.6624348759651184,0.5448125600814819,5.338608980178833,True,,,24,98fac2f4cb7d45349d24cb9203b6dd7d,2021-10-13_03-05-41,1634083541,141.45233154296875,220473,crimv3srv040,10.141.0.34,141.45233154296875,0,24,"135_batch_size=256,bidirectional=True,dropout_inner_layers=0.60029,dropout_input_layers=0.035755,hidden_dim=256,learning_rate=0.00013675,monitor=loss,num_layers=1,opt_step_size=8,shared_output_size=80,weight_decay=2.3291e-05",cnnlstm,0.00013675447584321482,256,True,1,256,loss,80,8,2.3290860539328136e-05,0.035755450571846925,0.6002932844797818,"['sleepEfficiency', 'awakening', 'totalSleepTime', 'combined']"
c63a2_00136,0.7781395316123962,0.41426628828048706,0.6604352593421936,0.5963826775550842,7.33889365196228,True,,,10,b1284bc1d0914f3792b169707d1cc162,2021-10-13_03-07-10,1634083630,83.2476487159729,241253,crimv3srv040,10.141.0.34,83.2476487159729,0,10,"136_batch_size=32,bidirectional=True,dropout_inner_layers=0.65614,dropout_input_layers=0.55504,hidden_dim=256,learning_rate=0.0006332,monitor=loss,num_layers=1,opt_step_size=19,shared_output_size=251,weight_decay=0.0057395",cnnlstm,0.0006331996976204264,32,True,1,256,loss,251,19,0.00573950959951507,0.5550379260764323,0.6561409636077016,"['sleepEfficiency', 'awakening', 'totalSleepTime', 'combined']"
c63a2_00137,0.9129865765571594,0.059153951704502106,0.5142298936843872,0.2669609785079956,6.559638500213623,True,,,12,1ee577f6c881482794a6701a6ae028db,2021-10-13_03-08-48,1634083728,93.88872265815735,250747,crimv3srv040,10.141.0.34,93.88872265815735,0,12,"137_batch_size=64,bidirectional=False,dropout_inner_layers=0.39279,dropout_input_layers=0.64487,hidden_dim=1024,learning_rate=1.3761e-05,monitor=mcc,num_layers=2,opt_step_size=12,shared_output_size=242,weight_decay=0.00046446",cnnlstm,1.376140529936254e-05,64,False,2,1024,mcc,242,12,0.0004644593141492221,0.6448679024966868,0.39278551819349905,"['sleepEfficiency', 'awakening', 'totalSleepTime', 'combined']"
c63a2_00138,0.8409894704818726,0.3355143368244171,0.6227678656578064,0.5008728504180908,7.503358364105225,True,,,19,3dd28c815eea499aa632c02a0c9280f3,2021-10-13_03-11-24,1634083884,150.33238983154297,261857,crimv3srv040,10.141.0.34,150.33238983154297,0,19,"138_batch_size=32,bidirectional=False,dropout_inner_layers=0.78167,dropout_input_layers=0.41503,hidden_dim=128,learning_rate=0.00011058,monitor=loss,num_layers=2,opt_step_size=19,shared_output_size=84,weight_decay=0.00028537",cnnlstm,0.00011057966882233286,32,False,2,128,loss,84,19,0.00028537386576295867,0.41502513684140985,0.781672404214171,"['sleepEfficiency', 'awakening', 'totalSleepTime', 'combined']"
c63a2_00139,0.852216899394989,0.2928500771522522,0.5891926884651184,0.45479294657707214,5.385434865951538,True,,,21,ed41520c1df448da98c98333792db90b,2021-10-13_03-13-46,1634084026,137.85069346427917,279140,crimv3srv040,10.141.0.34,137.85069346427917,0,21,"139_batch_size=256,bidirectional=True,dropout_inner_layers=0.81511,dropout_input_layers=0.24251,hidden_dim=512,learning_rate=0.00025569,monitor=loss,num_layers=2,opt_step_size=1,shared_output_size=228,weight_decay=5.7618e-05",cnnlstm,0.00025568614331933663,256,True,2,512,loss,228,1,5.761825134613226e-05,0.24251186820042658,0.8151141120047569,"['sleepEfficiency', 'awakening', 'totalSleepTime', 'combined']"
c63a2_00140,0.9523690342903137,0.0,0.533203125,0.22948399186134338,8.768088817596436,True,,,6,c6325368695b4ee2aecac263d442e0e2,2021-10-13_03-14-50,1634084090,59.197001218795776,297804,crimv3srv040,10.141.0.34,59.197001218795776,0,6,"140_batch_size=32,bidirectional=True,dropout_inner_layers=0.7581,dropout_input_layers=0.76749,hidden_dim=512,learning_rate=0.096952,monitor=mcc,num_layers=2,opt_step_size=15,shared_output_size=142,weight_decay=0.0078356",cnnlstm,0.09695239931224071,32,True,2,512,mcc,142,15,0.007835613136668954,0.7674930049618264,0.7581048436811518,"['sleepEfficiency', 'awakening', 'totalSleepTime', 'combined']"
c63a2_00141,0.8029391169548035,0.4331219792366028,0.6883370280265808,0.6097059845924377,5.696183443069458,True,,,9,54dc7f7325d24bcf87854e3157cda6e6,2021-10-13_03-15-55,1634084155,60.74561405181885,303545,crimv3srv040,10.141.0.34,60.74561405181885,0,9,"141_batch_size=64,bidirectional=True,dropout_inner_layers=0.24794,dropout_input_layers=0.27016,hidden_dim=128,learning_rate=0.00089778,monitor=loss,num_layers=2,opt_step_size=2,shared_output_size=226,weight_decay=0.00079349",cnnlstm,0.000897777840670077,64,True,2,128,loss,226,2,0.0007934901568894768,0.270160698947454,0.24793917670957966,"['sleepEfficiency', 'awakening', 'totalSleepTime', 'combined']"
c63a2_00142,0.9558429718017578,0.3421843945980072,0.6263951063156128,0.48500576615333557,5.570712089538574,True,,,23,daa4dfcd8d3e4a2eb8227af2fdd694dc,2021-10-13_03-18-12,1634084292,131.86282873153687,311898,crimv3srv040,10.141.0.34,131.86282873153687,0,23,"142_batch_size=128,bidirectional=True,dropout_inner_layers=0.86522,dropout_input_layers=0.99312,hidden_dim=64,learning_rate=0.00051744,monitor=mcc,num_layers=1,opt_step_size=3,shared_output_size=15,weight_decay=1.1354e-05",cnnlstm,0.0005174413193747967,128,True,1,64,mcc,15,3,1.1354213885677668e-05,0.9931175282882748,0.8652246344695845,"['sleepEfficiency', 'awakening', 'totalSleepTime', 'combined']"
c63a2_00143,0.8100752234458923,0.3215095102787018,0.6276041865348816,0.45045557618141174,5.297866582870483,True,,,36,9b862cfc75e3443691fea84f1dc7ce43,2021-10-13_03-21-36,1634084496,199.4500858783722,332276,crimv3srv040,10.141.0.34,199.4500858783722,0,36,"143_batch_size=256,bidirectional=False,dropout_inner_layers=0.59903,dropout_input_layers=0.89557,hidden_dim=32,learning_rate=0.0016393,monitor=mcc,num_layers=2,opt_step_size=8,shared_output_size=243,weight_decay=0.0039691",cnnlstm,0.0016392680377328593,256,False,2,32,mcc,243,8,0.0039691296652382855,0.895572133377934,0.5990280107981187,"['sleepEfficiency', 'awakening', 'totalSleepTime', 'combined']"
c63a2_00144,0.8345971703529358,0.1251457780599594,0.5636160969734192,0.3298460841178894,7.346803426742554,True,,,100,499c67e230fc47adb91edbd318b594dd,2021-10-13_03-34-08,1634085248,748.4185409545898,363551,crimv3srv040,10.141.0.34,748.4185409545898,0,100,"144_batch_size=32,bidirectional=False,dropout_inner_layers=0.68355,dropout_input_layers=0.54942,hidden_dim=64,learning_rate=5.1533e-06,monitor=loss,num_layers=1,opt_step_size=4,shared_output_size=73,weight_decay=0.00019426",cnnlstm,5.1532573366941694e-06,32,False,1,64,loss,73,4,0.00019426052980246777,0.549419359795742,0.6835488831150343,"['sleepEfficiency', 'awakening', 'totalSleepTime', 'combined']"
c63a2_00145,0.9526482224464417,0.4222273528575897,0.6766182780265808,0.6105849742889404,7.41524600982666,True,,,11,0e3d388d4efd4f07978cee4ab93ebe00,2021-10-13_03-35-43,1634085343,89.5358681678772,452054,crimv3srv040,10.141.0.34,89.5358681678772,0,11,"145_batch_size=32,bidirectional=True,dropout_inner_layers=0.35439,dropout_input_layers=0.44231,hidden_dim=64,learning_rate=0.00077961,monitor=mcc,num_layers=1,opt_step_size=18,shared_output_size=46,weight_decay=2.1919e-05",cnnlstm,0.0007796057229738072,32,True,1,64,mcc,46,18,2.1919345547767498e-05,0.4423051569955845,0.3543855371193565,"['sleepEfficiency', 'awakening', 'totalSleepTime', 'combined']"
c63a2_00146,0.7793123126029968,0.4318262040615082,0.6813616156578064,0.6174368858337402,5.684459686279297,True,,,10,73ae66bae0e04934abdcf813ed52cc06,2021-10-13_03-36-54,1634085414,65.89509391784668,3699,crimv3srv040,10.141.0.34,65.89509391784668,0,10,"146_batch_size=128,bidirectional=True,dropout_inner_layers=0.20205,dropout_input_layers=0.27665,hidden_dim=256,learning_rate=0.0011753,monitor=loss,num_layers=2,opt_step_size=15,shared_output_size=98,weight_decay=0.0013709",cnnlstm,0.0011753323633750137,128,True,2,256,loss,98,15,0.0013708593048661372,0.2766461303476484,0.20204610393368416,"['sleepEfficiency', 'awakening', 'totalSleepTime', 'combined']"
c63a2_00147,0.8805947303771973,0.367423415184021,0.642578125,0.5453468561172485,7.669224262237549,True,,,11,d6bfeed46bb642379fe7ba367d60422f,2021-10-13_03-38-27,1634085507,88.3402214050293,13817,crimv3srv040,10.141.0.34,88.3402214050293,0,11,"147_batch_size=32,bidirectional=False,dropout_inner_layers=0.72933,dropout_input_layers=0.28273,hidden_dim=256,learning_rate=0.00025814,monitor=loss,num_layers=1,opt_step_size=19,shared_output_size=60,weight_decay=0.0003606",cnnlstm,0.00025813824157301207,32,False,1,256,loss,60,19,0.00036059642560227665,0.2827341521770198,0.7293284876678455,"['sleepEfficiency', 'awakening', 'totalSleepTime', 'combined']"
c63a2_00148,0.8430492281913757,0.18347513675689697,0.6219307780265808,0.3880344033241272,6.029537677764893,True,,,38,3ac5949db6ec4be284ec7e46ea80b81e,2021-10-13_03-42-22,1634085742,230.50670433044434,24023,crimv3srv040,10.141.0.34,230.50670433044434,0,38,"148_batch_size=64,bidirectional=True,dropout_inner_layers=0.62582,dropout_input_layers=0.35929,hidden_dim=64,learning_rate=0.025652,monitor=loss,num_layers=1,opt_step_size=1,shared_output_size=25,weight_decay=3.9852e-05",cnnlstm,0.025651817905010525,64,True,1,64,loss,25,1,3.9851863064541406e-05,0.3592942440406136,0.6258200214540357,"['sleepEfficiency', 'awakening', 'totalSleepTime', 'combined']"
c63a2_00149,0.8121947646141052,0.29038918018341064,0.6107701063156128,0.44431963562965393,5.462491273880005,True,,,38,cc93738065ec4005bf85b70bd7abb5c5,2021-10-13_03-45-58,1634085958,212.1471164226532,57117,crimv3srv040,10.141.0.34,212.1471164226532,0,38,"149_batch_size=128,bidirectional=False,dropout_inner_layers=0.36538,dropout_input_layers=0.29541,hidden_dim=64,learning_rate=5.093e-05,monitor=loss,num_layers=1,opt_step_size=19,shared_output_size=11,weight_decay=0.00044737",cnnlstm,5.093034654304327e-05,128,False,1,64,loss,11,19,0.0004473730453294243,0.2954136549412322,0.36537865738480024,"['sleepEfficiency', 'awakening', 'totalSleepTime', 'combined']"
c63a2_00150,0.9520586729049683,0.0,0.533203125,0.22948399186134338,5.698118209838867,True,,,10,7af8067a0de74aafb0fd921e7152df23,2021-10-13_03-47-08,1634086028,65.55574178695679,90046,crimv3srv040,10.141.0.34,65.55574178695679,0,10,"150_batch_size=64,bidirectional=False,dropout_inner_layers=0.77123,dropout_input_layers=0.96355,hidden_dim=512,learning_rate=0.030417,monitor=loss,num_layers=1,opt_step_size=9,shared_output_size=230,weight_decay=0.0049823",cnnlstm,0.030417011121201237,64,False,1,512,loss,230,9,0.004982333463638358,0.9635478131277034,0.7712298816853241,"['sleepEfficiency', 'awakening', 'totalSleepTime', 'combined']"
c63a2_00151,0.8271228671073914,0.15222567319869995,0.5914713740348816,0.38246822357177734,4.974497556686401,True,,,12,cef793c647b8402e82ca1d632429efb0,2021-10-13_03-48-23,1634086103,70.37593197822571,99381,crimv3srv040,10.141.0.34,70.37593197822571,0,12,"151_batch_size=256,bidirectional=False,dropout_inner_layers=0.78415,dropout_input_layers=0.9257,hidden_dim=128,learning_rate=0.0001904,monitor=mcc,num_layers=1,opt_step_size=3,shared_output_size=193,weight_decay=4.5436e-05",cnnlstm,0.00019040441163846388,256,False,1,128,mcc,193,3,4.543643886906789e-05,0.9256963408271387,0.7841532670253473,"['sleepEfficiency', 'awakening', 'totalSleepTime', 'combined']"
c63a2_00152,1.0036544799804688,0.3368602991104126,0.6057477593421936,0.505602240562439,5.746433734893799,True,,,13,8f5fbd5b7fe24a999b51a999b4cac737,2021-10-13_03-50-02,1634086202,93.48490524291992,110402,crimv3srv040,10.141.0.34,93.48490524291992,0,13,"152_batch_size=128,bidirectional=True,dropout_inner_layers=0.79619,dropout_input_layers=0.15435,hidden_dim=1024,learning_rate=0.0011256,monitor=loss,num_layers=1,opt_step_size=6,shared_output_size=66,weight_decay=7.8863e-05",cnnlstm,0.0011256003286100168,128,True,1,1024,loss,66,6,7.88628668785851e-05,0.15434943147681035,0.7961918516299608,"['sleepEfficiency', 'awakening', 'totalSleepTime', 'combined']"
